


@TechReport{Papert66,
  author = 	 "Seymour Papert",
  title = 	 "The Summer Vision Project.",
  institution =  "Massachusetts Institute of Technology, Project Mac",
  type = "MIT AI Memo",
  number = "100",
  year = {1966}
}


@article{Cavanagh96,
    author = {Cavanagh, P.},
    journal = {Perception},
    pages = {1227--1232},
    title = {Vision is Getting Easier Every Day.},
    volume = {24},
    year = {1996}
}

@conference{Rowley1996,
author = {Henry Rowley and Shumeet Baluja and Takeo Kanade},
title = {Neural Network-Based Face Detection},
booktitle = cvpr,
year = {1996},
%month = {June},
pages = {203 - 208},
}

@INPROCEEDINGS{Leung1995,
  author={Leung, T.K. and Burl, M.C. and Perona, P.},
  booktitle=iccv, 
  title={Finding Faces in Cluttered Scenes Using Random Labeled Graph Matching.}, 
  year={1995},
  volume={},
  number={},
  pages={637-644}
  %doi={10.1109/ICCV.1995.466878}
}


@article{Felzenszwalb2010,
  author={Felzenszwalb, Pedro F. and Girshick, Ross B. and McAllester, David and Ramanan, Deva},
  journal=pami, 
  title={Object Detection with Discriminatively Trained Part-Based Models.}, 
  year={2010},
  volume={32},
  number={9},
  pages={1627-1645}
  %doi={10.1109/TPAMI.2009.167}
}

@ARTICLE{Fischler1973,
  author={M. A. Fischler and R. A. Elschlager},
  journal={IEEE Transactions on Computers}, 
  title={The Representation and Matching of Pictorial Structures.}, 
  year={1973},
  volume={C-22},
  number={1},
  pages={67-92}
  %doi={10.1109/T-C.1973.223602}
}


@book{Rosch2002aa,
	address = {Cambridge,  MA,  US},
	author = {Rosch, Eleanor},
	publisher = {MIT Press},
	series = {Foundations of cognitive psychology:  Core readings.},
	title = {Principles of categorization.},
	year = {2002}
}


@book{Rosch1978,
	author = {Eleanor Rosch},
	title = {Principles of categorization.},
	booktitle = {Cognitive Linguistics Bibliography (CogBib)},
	year = {1978},
    pages = {27--48},
	%editor = {Eleanor Rosch and Barbara B. Lloyd},
	%keywords = {cognitive psychology, categorization, principles of categorization, natural category, prototype},
	%lastchecked = {2023-10-05},
	%note = {2010},
	publisher = {De Gruyter Mouton},
	%url = {https://www.degruyter.com/database/COGBIB/entry/cogbib.10284/html},
	bdsk-url-1 = {https://www.degruyter.com/database/COGBIB/entry/cogbib.10284/html}
}

@article{Rosch1976BasicOI,
  title={Basic Objects in Natural Categories.},
  author={Eleanor Rosch and Carolyn B. Mervis and Wayne D. Gray and D M Johnson and Penny Boyes-Braem},
  journal={Cognitive Psychology},
  year={1976},
  volume={8},
  pages={382-439},
  %url={https://api.semanticscholar.org/CorpusID:5612467}
}


@inproceedings{malisiewicz-nips09,
	author = {Tomasz Malisiewicz and Alexei A. Efros},
	booktitle = nips,
	%month = {December},
	title = {Beyond Categories: The Visual Memex Model for Reasoning About Object Relationships.},
	year = 2009}


@incollection{Adelson91shading,
	AUTHOR = "E. H. Adelson and A. P. Pentland",
	BOOKTITLE = "Channels in the Visual Nervous System: Neurophysiology, Psychophysics, and Models",
	TITLE = "The Perception of Shading and Reflectance.",
	PAGES = "195--207",
	EDITOR = "B Blum",
	PUBLISHER = "Freund Publishing",
	ADDRESS = "London",
	YEAR = 1991
	}

@incollection{Adelson91,
  address = {Cambridge, MA},
  author = {Edward H. Adelson and James R. Bergen},
  booktitle = {Computational Models of Visual Processing.},
  editor = {Michael S. Landy and Anthony J. Movshon},
  pages = {3--20},
  publisher = {MIT Press},
  title = {The Plenoptic Function and the Elements of Early Vision},
  year = {1991},
}

%% @incollection{Adelson99,
%%     author = {Edward H. Adelson},
%%     title = {Lightness Perception and Lightness Illusion},
%%   booktitle = {The New Cognitive Neurosciences},
%%    editor = {M. Gazzaniga},
%%  pages = {339-351},
%%     year = {2000}
%% }

@book{Roberts63,
  author    = {Lawrence G. Roberts},
  title     = {Machine Perception of Three-Dimensional Solids.},
  publisher = {Garland Publishing},
location = {New York},
  series    = {Outstanding Dissertations in the Computer Sciences},
  year      = {1963}
}


@ARTICLE{Matusik03,
author={W. Matusik and H. Pfister and M. Brand and L. McMillan},
journal=tog,
title={A Data-Driven Reflectance Model.},
volume={22},
number={3},
pages={759-769},
}

@ARTICLE{Delbruck93,
author={Delbruck, T.},
journal=itnn,
title={Silicon Retina with Correlation-Based, velocity-tuned pixels.},
year={1993},
%month={May},
volume={4},
number={3},
pages={529-541},
%doi={10.1109/72.217194},
%ISSN={1045-9227},
}

@inproceedings{Beaudot93,
 author = {Beaudot, William and Palagi, Patricia and H{\'e}rault, Jeanny},
 title = {Realistic Simulation Tool for Early Visual Processing Including Space, Time and Colour Data.},
 booktitle = {Proceedings of the International Workshop on Artificial Neural Networks: New Trends in Neural Computation},
 series = {IWANN '93},
 year = {1993},
 %isbn = {3-540-56798-4},
 pages = {370--375},
 %numpages = {6},
 %publisher = {Springer-Verlag},
 address = {London, UK, UK},
} 

 @book{Mead89,
 author = {Mead, Carver},
 title = {Analog VLSI and Neural Systems.},
 year = {1989},
 publisher = {Addison-Wesley Longman Publishing},
 address = {Boston},
} 

@Article{Mahowald91,
  author =       "Misha A. Mahowald and Carver Mead",
  title =        "The Silicon Retina.",
  journal =      "Scientific American",
  volume =       "264",
  number =       "5",
  pages =        "76--82",
  %month =        may,
  year =         "1991",
}

@book{Dowling87,
 author = {John E. Dowling},
 title = {The Retina: An Approachable Part of the Brain.},
 year = {1987},
 publisher = {Belknap Press},
} 

@article{Reichardt87,
year={1987},
issn={0340-7594},
journal={Journal of Comparative Physiology A},
volume={161},
number={4},
%doi={10.1007/BF00603660},
title={Evaluation of optical motion information by movement detectors.},
%url={http://dx.doi.org/10.1007/BF00603660},
publisher={Springer-Verlag},
author={Reichardt, Werner},
pages={533-547},
%language={English}
}

@inproceedings{sitzmann2019siren,
                author = {Sitzmann, Vincent
                          and Martel, Julien N.P.
                          and Bergman, Alexander W.
                          and Lindell, David B.
                          and Wetzstein, Gordon},
                title = {Implicit Neural Representations
                          with Periodic Activation Functions.},
                booktitle = nips,
                year={2020}
}

@inproceedings{Jaderberg2015,
  author = {Jaderberg, Max and Simonyan, Karen and Zisserman, Andrew and kavukcuoglu, koray},
  booktitle = nips,
  %description = {Paper presenting the spatial transformer network (topic of the work)},
  %editor = {Cortes, C. and Lawrence, N. D. and Lee, D. D. and Sugiyama, M. and Garnett, R.},
  %interhash = {cfb8585a782eedbeb37fb0dc46e36ab5},
  %intrahash = {14d7850ca8e1d4823e7f44c8b3beeac3},
  %keywords = {thema:spatialtransformernetworks},
  pages = {2017--2025},
  %publisher = {Curran Associates, Inc.},
  %timestamp = {2020-06-08T17:13:51.000+0200},
  title = {Spatial Transformer Networks.},
  %url = {http://papers.nips.cc/paper/5854-spatial-transformer-networks.pdf},
  year = 2015
}


@inproceedings{Darrell93gestures,
author = "T. J. Darrell and A. P. Pentland",
title = "Space-Time Gestures.",
booktitle = cvpr,
pages = "335--340",
year = 1993}


@inproceedings{Darrell93,
    author = {Trevor Darrell and Eero Simoncelli},
    title = {On the use of 'Nulling' Filters to Separate Transparent Motions.},
    booktitle = cvpr,
    year = {1993},
    %publisher = {IEEE Computer Society Press}
}

@inproceedings{Mundy2006,
author = {Mundy, Joseph},
year = {2006},
pages = {3-28},
title = {Object Recognition in the Geometric Era: A Retrospective.},
volume = {4170},
journal = {Toward Category Level Object Recognition},
%doi = {10.1007/11957959_1},
%month = {01}
}

@book{Szeliski2011,
 author = {Richard Szeliski},
 title = {Computer Vision Algorithms and Applications.},
 year = {2022},
 edition = {2},
 publisher = {Springer},
} 

@book{Bishop2006,
 author = {C. M. Bishop},
 title = {Pattern Recognition and Machine Learning.},
 year = {2006},
 publisher = {Springer-Verlag}
} 

@book{KoenderinkSolidShape1990,
author = {J. J. Koenderink},
title = {Solid Shape.},
year = {1990},
publisher = {MIT Press},
address = {Cambridge, MA}
}

 @book{murphy2022,
 author = "Kevin P. Murphy",
 title = "Probabilistic Machine Learning: An introduction.",
 publisher = "MIT Press",
 address = {Cambridge, MA},
 year = 2022,
 %url = "probml.ai"
}

@book{Goodfellow-et-al-2016,
    title={Deep Learning.},
    author={Ian Goodfellow and Yoshua Bengio and Aaron Courville},
    publisher={MIT Press},
    address = {Cambridge, MA},
    %note={\url{http://www.deeplearningbook.org}},
    year={2016}
}

 @book{Ullman2000,
 author = "Shimon Ullman",
 title = "High-level Vision.",
 publisher = "MIT Press",
 address = {Cambridge, MA},
 year = 2000
}

 @book{Minnaert2012,
 author = "Marcel Minnaert",
 title = "Light and Color in the Outdoors.",
 publisher = "Springer",
 address = {New York},
 year = 2012
}

@BOOK{princeCVMLI2012,
author = {Prince, S.J.D.},
title= {Computer Vision: Models Learning and Inference.},
publisher = {{Cambridge University Press}},
year = 2012}


@book{Bracewell78,
author = "R. N. Bracewell",
title = "The Fourier Transform and its Applications.",
publisher = "McGraw-Hill",
year = 1978}

@misc{birds,
note = "http://www.birdfellow.com/birds/snow-goose-chen-caerulescens/photos/community",
url = "http://s3.amazonaws.com/birdfellow-production/content/photos/000/008/959/identification/021513.jpg?1361668048",
year = 2014}

@article{Phong1975,
author = {Phong, Bui Tuong},
title = {Illumination for Computer Generated Pictures.},
year = {1975},
issue_date = {June 1975},
publisher = {Association for Computing Machinery},
address = {New York, NY, USA},
volume = {18},
number = {6},
%issn = {0001-0782},
%url = {https://doi.org/10.1145/360825.360839},
%doi = {10.1145/360825.360839},
%abstract = {The quality of computer generated images of three-dimensional scenes depends on the shading technique used to paint the objects on the cathode-ray tube screen. The shading algorithm itself depends in part on the method for modeling the object, which also determines the hidden surface algorithm. The various methods of object modeling, shading, and hidden surface removal are thus strongly interconnected. Several shading techniques corresponding to different methods of object modeling and the related hidden surface algorithms are presented here. Human visual perception and the fundamental laws of optics are considered in the development of a shading rule that provides better quality and increased realism in generated images.},
journal = {Commun. ACM},
%month = {jun},
pages = {311–317},
numpages = {7},
%keywords = {hidden surface removal, graphic display, shading, computer graphics}
}


@article{Kac_1966, 
title={Can One Hear the Shape of a Drum?}, 
%DOI={10.2307/2313748}, 
journal={American Mathematical Monthly},
author={Kac, Mark}, 
year={1966}, 
%month={Apr} 
}

@inproceedings{ng2002,
  author = {Ng, Andrew Y. and Jordan, Michael I. and Weiss, Yair},
  title = "On Spectral Clustering: Analysis and an Algorithm.",
  booktitle = nips,
  pages = {849--856},
  year = 2001
}



@article{Freeman91,
author = "W. T. Freeman and E. H. Adelson",
title = "The Design and Use of Steerable Filters.",
journal = pami,
%month = "September",
volume = 13,
pages = "891--906",
number = 9,
year = 1991}
                  
@misc{spectrometer,
note = "Video Demonstration by Paul Doherty.",
author = "Paul Doherty",
url = "https://www.exploratorium.edu/snacks/cd-spectroscope",
year = 2023}

@misc{blue,
url = "http://www.nature.com/news/2007/070430/full/news070430-2.html",
year = 2010}


@article{Kaufman1949,
	author = {Kaufman, E L and Lord, M W},
	journal = {The American Journal of Psychology},
	jt = {The American Journal of Psychology},
	number = {4},
	pages = {498--525},
	pl = {United States},
	pt = {Journal Article},
	title = {The Discrimination of Visual Number.},
	volume = {62},
	year = {1949}}


@misc{Wandell95foundationsweb,
author = "B. A. Wandell",
url = "https://foundationsofvision.stanford.edu/part-3-image-interpretation/",
year = 2021}

@book{Wandell95,
 author = {Wandell, Brian},
 title = {Foundations of Vision.},
 year = {1995},
 publisher = {Sinauer Assoc.}
} 


@ARTICLE{Shannon1948,
  author={Shannon, C. E.},
  journal={The Bell System Technical Journal}, 
  title={A Mathematical Theory of Communication.}, 
  year={1948},
  volume={27},
  number={3},
  pages={379-423}
}

@article{Gabor1946TheoryOC,
  title={Theory of Communication.},
  author={Dennis Gabor},
  journal={Journal of the Institution of Electrical Engineers - Part I: General},
  year={1946},
  volume={94},
  pages={58-58}
}


@article{GRANLUND1978155,
	author = {Goesta H. Granlund},
	journal = {Computer Graphics and Image Processing},
	number = {2},
	pages = {155-173},
	title = {In Search of a General Picture Processing Operator.},
	volume = {8},
	year = {1978}
}


@article{Necker1832,
author = "Necker, L.A.",
title = "Observations on Some Remarkable Optical Phaenomena seen in Switzerland; and on an Optical Phaenomenon which Occurs on Viewing a Figure of a Crystal or Geometrical Solid.",
journal = "London and Edinburgh Philosophical Magazine and Journal of Science",
volume = 5,
pages = "329--337",
number = 1,
year = 2005}




@article{Hofer2005,
author = "H. Hofer and J. Carroll and J. Neitz and M. Neitz and D. R. Williams",
title = "Organization of the Human Trichromatic Cone Mosaic.",
journal = "The Journal of Neuroscience",
volume = 25,
pages = "9669--9679",
number = 42,
year = 2005}	

@inproceedings{Yedidia00b,
author = "J. S. Yedidia and W. T. Freeman and Y. Weiss",
title = "Generalized Belief Propagation.",
booktitle = nips,
volume = 13,
pages = "689--695",
year = 2001}

@book{Koller2009,
editor = "D. Koller and N. Friedman",
title = "Probabilistic Graphical Models.",
publisher = "MIT Press",
address = {Cambridge MA},
year = 2009}

@book{Jordan98,
editor = "M. I. Jordan",
title = "Learning in Graphical Models.",
publisher = "MIT Press",
address = {Cambridge MA},
year = 1998}

@inproceedings{Bouman17,
    author = {Katherine L. Bouman and       Vickie Ye and      Adam B. Yedidia and      Fredo Durand and 
     Gregory W. Wornell and       Antonio Torralba  and     William T. Freeman},
    title = {Turning Corners into Cameras:  Principles and Methods.},
    booktitle = iccv,
    year = {2018}
}

@article{hays2007scene,
  title={Scene Completion Using Millions of Photographs.},
  author={Hays, James and Efros, Alexei A},
  journal=tog,
  volume={26},
  number={3},
  pages={4},
  year={2007},
  publisher={ACM}
}


@misc{belkin2018reconciling,
  title={Reconciling Modern Machine Learning and the Bias-Variance Trade-Off.},
  author={Belkin, Mikhail and Hsu, Daniel and Ma, Siyuan and Mandal, Soumik},
    eprint={1812.11118},
    archivePrefix={arXiv},
  year={2018}
}

@article{tsne,
  title={Visualizing Data Using t-SNE.},
  author={Maaten, Laurens van der and Hinton, Geoffrey},
  journal={Journal of Machine Learning Research},
  volume={9},
  number={Nov},
  pages={2579--2605},
  year={2008}
}

@inproceedings{decaf,
  title={Decaf: A Deep Convolutional Activation feature for Generic Visual Recognition.},
  author={Donahue, Jeff and Jia, Yangqing and Vinyals, Oriol and Hoffman, Judy and Zhang, Ning and Tzeng, Eric and Darrell, Trevor},
  booktitle=icml,
  pages={647--655},
  year={2014}
}

@misc{doersch2016tutorial,
    title={Tutorial on Variational Autoencoders.},
    author={Carl Doersch},
    year={2016},
    eprint={1606.05908},
    archivePrefix={arXiv},
    primaryClass={stat.ML}
}

@inproceedings{ioffe2015batch,
  title={Batch Normalization: Accelerating Deep Network Training by Reducing Internal Covariate Shift.},
  author={Ioffe, Sergey and Szegedy, Christian},
  booktitle=icml,
  pages={448--456},
  year={2015}
}

@Article{Cybenko1989,
author="Cybenko, G.",
title="Approximation by Superpositions of a Sigmoidal Function.",
journal="Mathematics of Control, Signals and Systems",
year="1989",
%month="Dec",
%day="01",
volume="2",
number="4",
pages="303--314",
%abstract="In this paper we demonstrate that finite linear combinations of compositions of a fixed, univariate function and a set of affine functionals can uniformly approximate any continuous function ofn real variables with support in the unit hypercube; only mild conditions are imposed on the univariate function. Our results settle an open question about representability in the class of single hidden layer neural networks. In particular, we show that arbitrary decision regions can be arbitrarily well approximated by continuous feedforward neural networks with only a single internal, hidden layer and any continuous sigmoidal nonlinearity. The paper discusses approximation properties of other possible types of nonlinearities that might be implemented by artificial neural networks.",
%doi="10.1007/BF02551274"
}


@ARTICLE{Fara2015,
     TITLE= "Newton Shows the Light: a Commentary on Newton (1672) ‘A Letter … Containing his New Theory About Light and Colours…’",
     AUTHOR= "P. Fara",
     JOURNAL= "Philosophical Transactions of the Royal Society",
     YEAR= "2015"
} 

@misc{wang2020fully,
  title={Fully Test-Time Adaptation by Entropy Minimization.},
  author={Wang, Dequan and Shelhamer, Evan and Liu, Shaoteng and Olshausen, Bruno and Darrell, Trevor},
    eprint={2006.10726},
    archivePrefix={arXiv},
  year={2020}
}


% cite as zhang2016colorful, below
% article{Zhang_2016,


@book{lamott1980,
    title={Bird by Bird.},
    author={Lamott, Anne},
    publisher={Bantam Doubleday Dell Publishing Group},
    year={1980}
}

@inproceedings{szegedy2014intriguing,
  title={Intriguing Properties of Neural Networks.},
  author={Szegedy, Christian and Zaremba, Wojciech and Sutskever, Ilya and Bruna, Joan and Erhan, Dumitru and Goodfellow, Ian and Fergus, Rob},
  journal=iclr,
  year={2014}
}


@article{bourlard1988auto,
  title={Auto-Association by Multilayer Perceptrons and Singular Value Decomposition.},
  author={Bourlard, Herv{\'e} and Kamp, Yves},
  journal={Biological Cybernetics},
  volume={59},
  number={4},
  pages={291--294},
  year={1988},
  publisher={Springer}
}

@article {TraerE7856,
	author = {Traer, James and McDermott, Josh H.},
	title = {Statistics of Natural Reverberation Enable Perceptual Separation of Sound and Space.},
	volume = {113},
	number = {48},
	pages = {E7856--E7865},
	year = {2016},
	publisher = {National Academy of Sciences},
%note = {https://www.pnas.org/content/113/48/E7856},
	journal = {Proceedings of the National Academy of Sciences}
}

@article{elman1990finding,
  title={Finding Structure in Time.},
  author={Elman, Jeffrey L},
  journal={Cognitive science},
  volume={14},
  number={2},
  pages={179--211},
  year={1990},
  publisher={Wiley Online Library}
}

@article{hochreiter1997long,
  title={Long Short-Term Memory.},
  author={Hochreiter, Sepp and Schmidhuber, J{\"u}rgen},
  journal={Neural Computation},
  volume={9},
  number={8},
  pages={1735--1780},
  year={1997},
  publisher={MIT Press}
}

@inproceedings{vaswani2017attention,
  title={Attention Is All You Need.},
  author={Vaswani, Ashish and Shazeer, Noam and Parmar, Niki and Uszkoreit, Jakob and Jones, Llion and Gomez, Aidan N and Kaiser, {\L}ukasz and Polosukhin, Illia},
  booktitle=nips,
  pages={5998--6008},
  year={2017}
}

@inproceedings{goodfellow2014generative,
  title={Generative Adversarial Nets.},
  author={Goodfellow, Ian and Pouget-Abadie, Jean and Mirza, Mehdi and Xu, Bing and Warde-Farley, David and Ozair, Sherjil and Courville, Aaron and Bengio, Yoshua},
  journal=nips,
  volume={27},
  year={2014}
}

@article{bengio2013representation,
  title={Representation Learning: A Review and New Perspectives.},
  author={Bengio, Yoshua and Courville, Aaron and Vincent, Pascal},
  journal=pami,
  volume={35},
  number={8},
  pages={1798--1828},
  year={2013},
  publisher={IEEE}
}

@techreport{rumelhart1985learning,
  title={Learning Internal Representations by Error Propagation.},
  author={Rumelhart, David E. and Hinton, Geoffrey E. and Williams, Ronald J.},
  year={1985},
  institution={California Univ San Diego Inst for Cognitive Science}
}

@inproceedings{ballard1987modular,
  title={Modular Learning in Neural Networks.},
  author={Ballard, Dana H},
  booktitle=aaai,
  volume={647},
  pages={279--284},
  year={1987}
}

@inproceedings{ronneberger2015u,
  title={U-Net: Convolutional Networks for Biomedical Image Segmentation.},
  author={Ronneberger, Olaf and Fischer, Philipp and Brox, Thomas},
  booktitle={International Conference on Medical Image Computing and computer-Assisted Intervention},
  pages={234--241},
  year={2015},
  organization={Springer}
}

@inproceedings{he2016deep, 
title={Deep Residual Learning for Image Recognition.}, 
author={He, Kaiming and Zhang, Xiangyu and Ren, Shaoqing and Sun, Jian}, 
booktitle=cvpr, 
pages={770--778}, 
year={2016} 
}

@misc{srivastava2015highway,
  title={Highway Networks.},
  author={Srivastava, Rupesh Kumar and Greff, Klaus and Schmidhuber, J{\"u}rgen},
  eprint={1505.00387},
  archivePrefix={arXiv},
  year={2015}
}

@inproceedings{krizhevsky2012imagenet,
  title={Imagenet Classification with Deep Convolutional Neural Networks.},
  author={Krizhevsky, Alex and Sutskever, Ilya and Hinton, Geoffrey E},
  journal=nips,
  volume={25},
  pages={1097--1105},
  year={2012}
}

@misc{liu2018intriguing,
  title={An Intriguing Failing of Convolutional Neural Networks and the Coordconv Solution.},
  author={Liu, Rosanne and Lehman, Joel and Molino, Piero and Such, Felipe Petroski and Frank, Eric and Sergeev, Alex and Yosinski, Jason},
  eprint={1807.03247},
  archivePrefix={arXiv},
  year={2018}
}

@inproceedings{mildenhall2020nerf,
  title={Nerf: Representing Scenes as Neural Radiance Fields for View Synthesis.},
  author={Mildenhall, Ben and Srinivasan, Pratul P and Tancik, Matthew and Barron, Jonathan T and Ramamoorthi, Ravi and Ng, Ren},
  booktitle=eccv,
  pages={405--421},
  year={2020},
  organization={Springer}
}



@techreport{yair98,
author = {Weiss, Yair and Adelson, Edward H.},
title = {Slow and Smooth: A Bayesian Theory for the Combination of Local Motion Signals in Human Vision.},
  institution = {MIT},
  year = {1998},
  note = {A.I. Memo No. 1624}
}




@inproceedings{CycleGAN2017, 
title={Unpaired Image-to-Image Translation using Cycle-Consistent Adversarial Networks.}, 
author={Zhu, Jun-Yan and Park, Taesung and Isola, Phillip and Efros, Alexei A}, 
booktitle=iccv, 
year={2017} 
}

@inproceedings{yi2017dualgan,
  title={Dualgan: Unsupervised Dual Learning for Image-to-Image Translation.},
  author={Yi, Zili and Zhang, Hao and Tan, Ping and Gong, Minglun},
  booktitle=iccv,
  pages={2849--2857},
  year={2017}
}

@inproceedings{kim2017learning,
  title={Learning to Discover Cross-Domain Relations with Generative Adversarial Networks.},
  author={Kim, Taeksoo and Cha, Moonsu and Kim, Hyunsoo and Lee, Jung Kwon and Kim, Jiwon},
  booktitle=icml,
  pages={1857--1865},
  year={2017},
  %organization={PMLR}
}

@inproceedings{Karras2021,
  author = {Tero Karras and Miika Aittala and Samuli Laine and Erik H\"ark\"onen and Janne Hellsten and Jaakko Lehtinen and Timo Aila},
  title = {Alias-Free Generative Adversarial Networks},
  booktitle = nips,
  year = {2021}
}

@inproceedings{hoffman2018cycada,
  title={Cycada: Cycle-Consistent Adversarial Domain Adaptation.},
  author={Hoffman, Judy and Tzeng, Eric and Park, Taesung and Zhu, Jun-Yan and Isola, Phillip and Saenko, Kate and Efros, Alexei and Darrell, Trevor},
  booktitle=icml,
  pages={1989--1998},
  year={2018},
  organization={PMLR}
}

@inproceedings{pix2pix2017, 
title={Image-to-Image Translation with Conditional Adversarial Networks.}, 
author={Isola, Phillip and Zhu, Jun-Yan and Zhou, Tinghui and Efros, Alexei A.}, 
booktitle=cvpr, 
year={2017} }

@INPROCEEDINGS{Tinghui2017,
  author={Zhou, Tinghui and Brown, Matthew and Snavely, Noah and Lowe, David G.},
  booktitle=cvpr, 
  title={Unsupervised Learning of Depth and Ego-Motion from Video.}, 
  year={2017},
  volume={},
  number={},
  pages={6612-6619},
  %doi={10.1109/CVPR.2017.700}
  }

@inProceedings{MegaDepthLi18,
  title={MegaDepth: Learning Single-View Depth Prediction from Internet Photos.},
  author={Zhengqi Li and Noah Snavely},
  booktitle=cvpr,
  year={2018}
}

%@INPROCEEDINGS{8100183, 
%author={Zhou, Tinghui and Brown, Matthew and Snavely, Noah and Lowe, David G.}, 
%booktitle={2017 IEEE Conference on Computer Vision and Pattern Recognition (CVPR)}, 
%title={Unsupervised Learning of Depth and Ego-Motion from Video.}, 
%year={2017}, 
%volume={}, 
%number={}, 
%pages={6612-6619}, 
%doi={10.1109/CVPR.2017.700}
%} 

@inproceedings{Snavely2006,
    author = {Noah Snavely and Steven M. Seitz and Richard Szeliski},
    title = {Photo Tourism: Exploring Photo Collections in 3D.},
    booktitle = siggraph,
    year = {2006},
    pages = {835--846},
}

@article{Mersereau79, 
author={R. M. Mersereau}, 
journal={Proceedings of the IEEE}, 
title={The Processing of Hexagonally Sampled Two-Dimensional Signals.}, 
year={1979}, 
volume={67}, 
number={6}, 
pages={930-949}, 
%month={June}
}

@inproceedings{SilbermanECCV12,
  author    = {Nathan Silberman, Derek Hoiem, Pushmeet Kohli and Rob Fergus},
  title     = {Indoor Segmentation and Support Inference from RGBD Images.},
  booktitle = eccv,
  year      = {2012}
}


@article{Geiger2013,
  author = {Geiger, A and Lenz, P and Stiller, C and Urtasun, R},
  journal = {The International Journal of Robotics Research},
  number = 11,
  pages = {1231--1237},
  title = {Vision Meets Robotics: The KITTI Dataset.},
  volume = 32,
  year = 2013
}

@ARTICLE{Geiger2013IJRR,
  author = {Andreas Geiger and Philip Lenz and Christoph Stiller and Raquel Urtasun},
  title = {Vision Meets Robotics: The KITTI Dataset.},
  journal = {International Journal of Robotics Research (IJRR)},
  year = {2013}
} 

@article{Curcio87,
  title={Distribution of Cones in Human and Monkey Retina: Individual Variability and Radial Asymmetry.},
  author={Christine A. Curcio and Kenneth R. Sloan and Orin S. Packer and Anita Hendrickson and Robert E. Kalina},
  journal={Science},
  year={1987},
  volume={236 4801},
  pages={579-82}
}

@INPROCEEDINGS{Xian2018,
  author={Xian, Ke and Shen, Chunhua and Cao, Zhiguo and Lu, Hao and Xiao, Yang and Li, Ruibo and Luo, Zhenbo},
  booktitle=cvpr, 
  title={Monocular Relative Depth Perception with Web Stereo Data Supervision.}, 
  year={2018},
  volume={},
  number={},
  pages={311-320},
  %doi={10.1109/CVPR.2018.00040}
}


@INPROCEEDINGS{Simoncelli90subbandimage,
    author = {Eero P. Simoncelli and Edward H. Adelson},
    title = {Subband Image Coding with Hexagonal Quadrature Mirror Filters.},
    booktitle = {Picture Coding Symposium},
    year = {1990}
}

@book{Fourier09,
  author = {Fourier, Jean Baptiste Joseph},
  publisher = {Cambridge University Press},
  series = {Cambridge Library Collection},
  title = {{Th\'{e}orie Analytique de la Chaleur.}},
  year = 2009
}

@article{Cooley1965,
  title={An Algorithm for the Machine Calculation of Complex Fourier Series.},
  author={James W. Cooley and John W. Tukey},
  journal={Mathematics of Computation},
  year={1965},
  volume={19},
  pages={297-301}
}

@article{Land1971,
  title={Lightness and Retinex Theory.},
  author={Edwin Herbert Land and John J. McCann},
  journal={Journal of the Optical Society of America},
  year={1971},
  volume={61 1},
  pages={1-11}
}

% @inproceedings{Barrow1978,
%   title={RECOVERING INTRINSIC SCENE  CHARACTERISTICS FROM IMAGES.},
%   author={Harry G. Barrow and Jay M. Tenenbaum},
%   year={1978}
% }


@inproceedings{gutmann2010noise,
  title={Noise-contrastive estimation: A new estimation principle for unnormalized statistical models.},
  author={Gutmann, Michael and Hyv{\"a}rinen, Aapo},
  booktitle={Proceedings of the thirteenth international conference on artificial intelligence and statistics},
  pages={297--304},
  year={2010},
  organization={JMLR Workshop and Conference Proceedings}
}

@article{hinton2002training,
  title={Training Products of Experts by Minimizing Contrastive Divergence.},
  author={Hinton, Geoffrey E},
  journal={Neural Computation},
  volume={14},
  number={8},
  pages={1771--1800},
  year={2002},
  publisher={MIT Press}
}


@inproceedings{donahue2014decafUSEdecafcitation,
  title={Decaf: A deep convolutional activation feature for generic visual recognition.},
  author={Donahue, Jeff and Jia, Yangqing and Vinyals, Oriol and Hoffman, Judy and Zhang, Ning and Tzeng, Eric and Darrell, Trevor},
  booktitle=icml,
  pages={647--655},
  year={2014},
  organization={PMLR}
}

@inproceedings{chen2020generative,
  title={Generative Pretraining from Pixels.},
  author={Chen, Mark and Radford, Alec and Child, Rewon and Wu, Jeffrey and Jun, Heewoo and Luan, David and Sutskever, Ilya},
  booktitle=icml,
  pages={1691--1703},
  year={2020},
}


@inproceedings{komodakis2018unsupervised,
  title={Unsupervised Representation Learning by Predicting Image 
        Rotations.},
  author={Komodakis, Nikos and Gidaris, Spyros},
  booktitle=iclr,
  year={2018}
}

@inproceedings{doersch2015unsupervised,
  title={Unsupervised Visual Representation Learning by Context Prediction.},
  author={Doersch, Carl and Gupta, Abhinav and Efros, Alexei A},
  booktitle=iccv,
  pages={1422--1430},
  year={2015}
}

@inproceedings{zhang2016colorful,
  title={Colorful Image Colorization.},
  author={Zhang, Richard and Isola, Phillip and Efros, Alexei A},
  booktitle=eccv,
  pages={649--666},
  year={2016},
  organization={Springer}
}

@inproceedings{zhang2017split,
  title={Split-Brain Autoencoders: Unsupervised Learning by Cross-Channel Prediction.},
  author={Zhang, Richard and Isola, Phillip and Efros, Alexei A},
  booktitle=cvpr,
  pages={1058--1067},
  year={2017}
}

@inproceedings{larsson2016learning,
  title={Learning Representations for Automatic Colorization.},
  author={Larsson, Gustav and Maire, Michael and Shakhnarovich, Gregory},
  booktitle=eccv,
  pages={577--593},
  year={2016},
  organization={Springer}
}


@inproceedings{vincent2008extracting,
  title={Extracting and Composing Robust Features with Denoising Autoencoders.},
  author={Vincent, Pascal and Larochelle, Hugo and Bengio, Yoshua and Manzagol, Pierre-Antoine},
  booktitle=icml,
  pages={1096--1103},
  year={2008}
}

@inproceedings{pathak2016context,
  title={Context Encoders: Feature Learning by Inpainting.},
  author={Pathak, Deepak and Krahenbuhl, Philipp and Donahue, Jeff and Darrell, Trevor and Efros, Alexei A},
  booktitle=cvpr,
  pages={2536--2544},
  year={2016}
}

@article{huang2011predictive,
  title={Predictive coding.},
  author={Huang, Yanping and Rao, Rajesh P. N. },
  journal={Wiley Interdisciplinary Reviews: Cognitive Science},
  volume={2},
  number={5},
  pages={580--593},
  year={2011},
  publisher={Wiley Online Library}
}

@inproceedings{wang2020hypersphere,
  title={Understanding Contrastive Representation Learning through Alignment and Uniformity on the Hypersphere.},
  author={Wang, Tongzhou and Isola, Phillip},
  booktitle=icml,
  %organization={PMLR},
  pages={9929--9939},
  year={2020}
}

@article{finn2016unsupervised,
  title={Unsupervised learning for physical interaction through video prediction.},
  author={Finn, Chelsea and Goodfellow, Ian and Levine, Sergey},
  journal=nips,
  volume={29},
  pages={64--72},
  year={2016}
}

@article{recasens2021broaden,
  title={Broaden Your Views for Self-Supervised Video Learning.},
  author={Recasens, Adri{\`a} and Luc, Pauline and Alayrac, Jean-Baptiste and Wang, Luyu and Strub, Florian and Tallec, Corentin and Malinowski, Mateusz and Patraucean, Viorica and Altch{\'e}, Florent and Valko, Michal and others},
  journal=iccv,
  year={2021}
}

@misc{oord2018representation,
  title={Representation Learning with Contrastive Predictive Coding.},
  author={Oord, Aaron van den and Li, Yazhe and Vinyals, Oriol},
    eprint={1807.03748},
    archivePrefix={arXiv},
  year={2018}
}

@article{chechik2010large,
  title={Large Scale Online Learning of Image Similarity Through Ranking.},
  author={Chechik, Gal and Sharma, Varun and Shalit, Uri and Bengio, Samy},
  journal={Journal of Machine Learning Research},
  volume={11},
  number={3},
  year={2010}
}

@inproceedings{hadsell2006dimensionality,
  title={Dimensionality reduction by learning an invariant mapping.},
  author={Hadsell, Raia and Chopra, Sumit and LeCun, Yann},
  booktitle=cvpr,
  volume={2},
  pages={1735--1742},
  year={2006},
  %organization={IEEE}
}

@article{dosovitskiy2020vit,
  title={An Image is Worth 16x16 Words: Transformers for Image Recognition at Scale.},
  author={Dosovitskiy, Alexey and Beyer, Lucas and Kolesnikov, Alexander and Weissenborn, Dirk and Zhai, Xiaohua and Unterthiner, Thomas and  Dehghani, Mostafa and Minderer, Matthias and Heigold, Georg and Gelly, Sylvain and Uszkoreit, Jakob and Houlsby, Neil},
  journal=iclr,
  year={2021}
}

@inproceedings{tian2020contrastive,
  title={Contrastive Multiview Coding.},
  author={Tian, Yonglong and Krishnan, Dilip and Isola, Phillip},
  booktitle=eccv,
  pages={776--794},
  year={2020},
  organization={Springer}
}

@book{mcbook,
   author = {Art B. Owen},
   title = {Monte Carlo Theory, Methods and Examples.},
   year = 2013,
   url = "https://artowen.su.domains/mc/"
}

@book{Gibson1966,
  added-at = {2010-02-27T01:05:18.000+0100},
  address = {Boston},
  author = {Gibson, James J.},
  biburl = {https://www.bibsonomy.org/bibtex/277c16e9d4227c476c852255dd493c988/tb2332},
  interhash = {dd8302ddc19fcc39c6cc0783a101ab71},
  intrahash = {77c16e9d4227c476c852255dd493c988},
  keywords = {imported},
  owner = {thierry},
  publisher = {Houghton Mifflin},
  timestamp = {2010-02-27T01:05:22.000+0100},
  title = {The Senses Considered as Perceptual Systems.},
  year = 1966
}

@book{Gibson1979,
  added-at = {2010-06-10T21:41:08.000+0200},
  address = {Boston},
  author = {Gibson, James J.},
  biburl = {https://www.bibsonomy.org/bibtex/2c8f7e74508c2da45622a8338b1906a4f/orestesmantra},
  description = {plasticity consciousness},
  interhash = {ae01af32262c06f33374a599c2ca278f},
  intrahash = {c8f7e74508c2da45622a8338b1906a4f},
  keywords = {Gibson perception plasticq},
  publisher = {Houghton Mifflin},
  timestamp = {2010-06-10T21:48:26.000+0200},
  title = {The Ecological Approach to Visual Perception.},
  year = 1979
}


@article{russakovsky2015imagenet, 
title={Imagenet Large Scale Visual Recognition Challenge.}, 
author={Russakovsky, Olga and Deng, Jia and Su, Hao and Krause, Jonathan and Satheesh, Sanjeev and Ma, Sean and Huang, Zhiheng and Karpathy, Andrej and Khosla, Aditya and Bernstein, Michael and others}, 
journal=ijcv, 
volume={115}, number={3}, pages={211--252}, 
year={2015}, 
%publisher={Springer} 
}

@article{brock2018large,
  title={Large Scale GAN Training for High Fidelity Natural Image Synthesis.},
  author={Brock, Andrew and Donahue, Jeff and Simonyan, Karen},
  journal={International Conference on Learning Representations},
  year={2019}
}

@article{wertheimer1912experimentelle,
  title={Experimentelle Studien Uber das Sehen von Bewegung.},
  author={Wertheimer, Max},
  journal={Zeitschrift fur Psychologie},
  volume={61},
  year={1912}
}


@article{steinman2000phi,
  title={Phi Is Not Beta, and Why Wertheimer’s Discovery Launched the Gestalt Revolution.},
  author={Steinman, Robert M and Pizlo, Zygmunt and Pizlo, Filip J},
  journal={Vision Research},
  volume={40},
  number={17},
  pages={2257--2264},
  year={2000},
  publisher={Elsevier}
}

@Book{Koffka1935,
author = { Koffka, Kurt },
title = { Principles of Gestalt Psychology.},
publisher = {London: Routledge},
year = { 1935 },
%type = { Book },
%subjects = { Gestalt psychology. },
%life-dates = { 1935 -  },
%catalogue-url = { https://nla.gov.au/nla.cat-vn636554 },
}

@book{Palmer1999,
  address = {Cambridge, MA},
  author = {Palmer, Stephen E.},
  location={Cambridge, MA},
  publisher = {MIT Press},
  title = {Vision Science: Photons to Phenomenology.},
  year = 1999
}


@article{Palmer94,
	Address = {Austin, TX :},
	Author = {Palmer, Irvin},
	Journal = {Psychonomic Bulletin \& Review.},
	Number = {1},
	Publisher = {Psychonomic Society},
	Title = {Rethinking Perceptual Organization: The Role of Uniform Connectedness.},
	Volume = {1},
	Year = {1994}}


@article{Palmer1981,
	Author = {Palmer, S. and Rosch, E. and Chase, P.},
	Journal = {International Symposium on Attention and Performance (Attention and performance IX).},
	Title = {Canonical Perspective and the Perception of Objects.},
    pages = {135-151},
	Year = {1981}}


@book{gilchrist2006,
  title={Seeing Black and White.},
  author={Gilchrist, Alan},
  year={2006},
  publisher={Oxford University Press}
}

@INPROCEEDINGS{Zhang99,
  author={Loop, Charles and Zhang, Zhengyou},
  booktitle=cvpr, 
  title={Computing Rectifying Homographies for Stereo Vision.}, 
  year={1999},
  volume={1},
  number={},
  pages={125-131},
  %doi={10.1109/CVPR.1999.786928}
}


@inproceedings{Lance1983,
author = {Williams, Lance},
title = {Pyramidal Parametrics.},
year = {1983},
booktitle = siggraph,
%publisher = {Association for Computing Machinery},
%address = {New York, NY, USA},
pages = {1–11},
%numpages = {11},
%series = {SIGGRAPH '83}
}

  

  
  


@book{kanizsa79,
  added-at = {2008-03-11T14:52:34.000+0100},
  address = {New York},
  author = {Kanizsa, Gaetano},
  biburl = {https://www.bibsonomy.org/bibtex/2ea164a0cc0ae5bacffa458dc440c527a/idsia},
  citeulike-article-id = {2377386},
  interhash = {f31b642d78c28ea4d09b463a5863d047},
  intrahash = {ea164a0cc0ae5bacffa458dc440c527a},
  keywords = {nn},
  priority = {2},
  publisher = {Praeger Publishers},
  timestamp = {2008-03-11T15:03:36.000+0100},
  title = {Organization in Vision: {E}ssays on Gestalt Perception.},
  year = 1979
}

@book{Shepard90mindsights,
author = "R. N. Shepard",
title = "Mind Sights.",
publisher = "Freeman",
address = "New York",
year = 1990}

@book{Shepard90,
	Address = {New York},
	Author = {Shepard, Roger N.},
	%Keywords = {Optical illusions},
	%Language = {eng},
	%Lccn = {90032451},
	Publisher = {W.H. Freeman and Co.},
	Title = {Mind Sights: Original Visual Illusions, Ambiguities, and Other Anomalies, with a Commentary on the Play of Mind in Perception and Art.},
	Year = {1990}}

@misc{adelson1995checkershadow,
  title={Checkershadow Illusion.},
  author={Adelson, Edward H},
  year={1995}
}

@article{zhou2014object,
  title={Object Detectors Emerge in Deep Scene CNNs.},
  author={Zhou, Bolei and Khosla, Aditya and Lapedriza, Agata and Oliva, Aude and Torralba, Antonio},
  journal=iclr,
  year={2015}
}

@article{Chehikian91,
title = {Fast Computation of Optimal Semi-Octave Pyramids.},
author = {Chehikian, A. and Crowley, James},
journal=scia,
year = {1991},
pages = {18-27},
}

@article{Harmon_1973,
	%doi = {10.1126/science.180.4091.1194},
	%url = {https://doi.org/10.1126%2Fscience.180.4091.1194},
	year = 1973,
	%month = {jun},
	publisher = {American Association for the Advancement of Science ({AAAS})},
	volume = {180},
	number = {4091},
	pages = {1194--1197},
	author = {Leon D. Harmon and Bela Julesz},
	title = {Masking in Visual Recognition: Effects of Two-Dimensional Filtered Noise.},
	journal = {Science}
}

@article{Glickstein2006,
	Author = {Mitch Glickstein},
	%Doi = {https://doi.org/10.1016/j.cub.2006.02.053},
	Journal = {Current Biology},
	Number = {5},
	Pages = {R147-R151},
	Title = {Golgi and Cajal: The Neuron Doctrine and the 100th Anniversary of the 1906 Nobel Prize.},
	%Url = {https://www.sciencedirect.com/science/article/pii/S0960982206012036},
	Volume = {16},
	Year = {2006},
	%Bdsk-Url-1 = {https://www.sciencedirect.com/science/article/pii/S0960982206012036},
	%Bdsk-Url-2 = {https://doi.org/10.1016/j.cub.2006.02.053}
}

@article{cajal1893retine,
  title={La Rétine des Vertébrés.},
  author={Ramón y Cajal, S.},
  journal={Cellule},
  volume={9},
  pages={119--255},
  year={1893}
}

@misc{olah_lstms,
  title={Understanding LSTM Networks.},
  author={Olah, Chris},
  %url={http://colah.github.io/posts/2015-08-Understanding-LSTMs/},
  year={2015}
}



@article{Burton1945,
	Author = {Harry Edwin Burton},
	%Doi = {10.1364/JOSA.35.000357},
	Journal = {J. Opt. Soc. Am.},
	%Keywords = {Acoustic modulators; Augmented reality; Cone cells; Eyes; Laser therapies; Vision},
	%Month = {May},
	Number = {5},
	Pages = {357--372},
	Publisher = {Optica Publishing Group},
	Title = {The Optics of Euclid.},
	%Url = {http://opg.optica.org/abstract.cfm?URI=josa-35-5-357},
	Volume = {35},
	Year = {1945},
	%Bdsk-Url-1 = {http://opg.optica.org/abstract.cfm?URI=josa-35-5-357},
	%Bdsk-Url-2 = {https://doi.org/10.1364/JOSA.35.000357}
}





@book{Plato360bc,
	Author = {Plato},
	Booktitle = {Timeaus.},
    translator = {Benjamin Jowett},
	Year = {360 BCE},
    url = {https://classics.mit.edu/Plato/timaeus.html}
}

@article{10.2307/225870,
 author = {Carl B. Boyer},
 journal = {Isis},
 number = {2},
 pages = {92--95},
 publisher = {[The University of Chicago Press, The History of Science Society]},
 title = {Aristotelian References to the Law of Reflection.},
 volume = {36},
 year = {1946}
}

@book{kalderon2015form,
  title={Form Without Matter: Empedocles and Aristotle on Color Perception.},
  author={Kalderon, Mark Eli},
  year={2015},
  publisher={Oxford, UK: Oxford University Press}
}

@book{2001alhacen,
  title={Alhacen's Theory of Visual Perception: A Critical Edition, with English Translation and Commentary, of the First Three Books of Alhacen's De Aspectibus, the Medieval Latin Version of Ibn Al-Haytham's Kitab Al-Manazir.},
  author={Smith, A.M.},
  number={v. 91, pt. 4},
  %isbn={9780871699145},
  %lccn={2001041227},
  %url={https://books.google.com/books?id=j0InAQAAIAAJ},
  year={2001},
  publisher={American Philosophical Society}
}


@book{Aristotle350bc,
  title={On Sense and the Sensible.},
  author={Aristotle},
  year={350 BC},
  note = {Translated by J. I. Beare.},
  url={http://classics.mit.edu/Aristotle/sense.html}
}

@article{Martens2001-MAROPT-2,
	volume = {92},
	title = {Optics: Paralipomena to Witelo, and Optical Part of Astronomy. Johannes Kepler. Translated by William H. Donahue.},
	journal = {Isis},
	year = {2001},
	number = {3},
	pages = {607--608},
	author = {Rhonda Martens}
}
%	doi = {10.1086/385313},


@article{Spillmann2014ReceptiveFO,
  title={Receptive Fields of Visual Neurons: The Early Years.},
  author={Lothar Spillmann},
  journal={Perception},
  year={2014},
  volume={43},
  pages={1145 - 1176}
}


@article{
Livingstone88,
author = {Margaret Livingstone  and David Hubel},
title = {Segregation of Form, Color, Movement, and Depth: Anatomy, Physiology, and Perception.},
journal = {Science},
volume = {240},
number = {4853},
pages = {740-749},
year = {1988},
%doi = {10.1126/science.3283936},
%URL = {https://www.science.org/doi/abs/10.1126/science.3283936},
%eprint = {https://www.science.org/doi/pdf/10.1126/science.3283936}
}

@inproceedings{Livingstone1984AnatomyAP,
  title={Anatomy and Physiology of a Color System in the Primate Visual Cortex.},
  author={M S Livingstone and David H. Hubel},
  booktitle={The Journal of neuroscience},
  year={1984}
}

@article{HubelWiesel59,
author = {Hubel, D. H. and Wiesel, T. N.},
title = {Receptive Fields of Single Neurones in the Cat's Striate Cortex.},
journal = {The Journal of Physiology},
volume = {148},
number = {3},
pages = {574-591},
doi = {10.1113/jphysiol.1959.sp006308},
%url = {https://physoc.onlinelibrary.wiley.com/doi/abs/10.1113/jphysiol.1959.sp006308},
%eprint = {https://physoc.onlinelibrary.wiley.com/doi/pdf/10.1113/jphysiol.1959.sp006308},
year = {1959}
}

@article{Kanwisher1997TheFF,
  title={The Fusiform Face Area: A Module in Human Extrastriate Cortex Specialized for Face Perception.},
  author={Nancy G. Kanwisher and Josh McDermott and Marvin M. Chun},
  journal={The Journal of Neuroscience},
  year={1997},
  volume={17},
  pages={4302 - 4311}
}

@book{kandel-neural,
  added-at = {2008-03-11T14:52:34.000+0100},
  address = {New York},
%  biburl = {https://www.bibsonomy.org/bibtex/2002f6210e0ffceba5639c38e6d1cd879/idsia},
%  citeulike-article-id = {2377373},
  edition = {Third},
  editor = {Kandel, Eric R. and Schwartz, James H. and Jessell, Thomas M.},
%  interhash = {751bbcbd66ae1cce4d5030a67c88732e},
%  intrahash = {002f6210e0ffceba5639c38e6d1cd879},
  keywords = {nn},
  priority = {2},
  publisher = {Elsevier},
%  timestamp = {2008-03-11T15:03:36.000+0100},
  title = {Principles of Neural Science.},
  year = 1991
}

@book{mackay2003information, 
title={Information Theory, Inference and Learning Algorithms.}, 
author={MacKay, David J.C.}, 
year={2003}, 
publisher={Cambridge University Press} }

@book{grunwald2007minimum,
  title={The Minimum Description Length Principle.},
  author={Gr{\"u}nwald, Peter D.},
  year={2007},
location={Cambridge, MA},
  publisher={MIT Press}
}

@incollection{soatto2013actionable,
  title={Actionable Information in Vision.},
  author={Soatto, Stefano},
  booktitle={Machine Learning for Computer Vision},
  pages={17--48},
  year={2013},
  publisher={Springer}
}

@inproceedings{koh2020concept,
  title={Concept Bottleneck Models.},
  author={Koh, Pang Wei and Nguyen, Thao and Tang, Yew Siang and Mussmann, Stephen and Pierson, Emma and Kim, Been and Liang, Percy},
  booktitle=icml,
  pages={5338--5348},
  year={2020},
  %organization={PMLR}
}


@inproceedings{snell2017learning,
  title={Learning to Generate Images with Perceptual Similarity Metrics.},
  author={Snell, Jake and Ridgeway, Karl and Liao, Renjie and Roads, Brett D and Mozer, Michael C and Zemel, Richard S},
  booktitle=icip,
  pages={4277--4281},
  year={2017},
  organization={IEEE}
}



@book{straw2017, 
title={Straw Camera.}, 
author={Michael Farrell and Cliff Haynes}, 
url = {https://strawcamera.com/},
year={2017}, 
}

@article{torralba_2009, 
title={How Many Pixels Make an Image?}, 
volume={26}, 
%DOI={10.1017/S0952523808080930}, 
number={1}, 
journal={Visual Neuroscience}, 
publisher={Cambridge University Press}, 
author={Torralba, Antonio}, 
year={2009}, 
pages={123–131}
}

@inproceedings{Weiss2001,
    author = {Y. Weiss},
    title = {Deriving Intrinsic Images from Image Sequences.},
    booktitle = iccv,
    year = {2001},
    pages = {68--75}
}                 

@INPROCEEDINGS{Weiss01derivingintrinsic,
    author = {Yair Weiss},
    title = {Deriving Intrinsic Images from Image Sequences.},
      booktitle=iccv,
 volume={2},
    year = {2001},
    pages = {68--75}
}

@article{kingma2019introduction, 
title={An Introduction to Variational Autoencoders.}, 
author={Kingma, Diederik P and Welling, Max and others}, 
journal={Foundations and Trends in Machine Learning}, 
volume={12}, 
number={4}, 
pages={307--392}, 
year={2019}, 
publisher={Now Publishers, Inc.} 
}

@article{kingma2013auto,
  title={Auto-Encoding Variational Bayes.},
  author={Kingma, Diederik P and Welling, Max},
  journal=iclr,
  year={2014}
}


@inproceedings{Butler:ECCV:2012,
title = {A Naturalistic Open Source Movie for Optical Flow Evaluation.},
author = {Butler, D. J. and Wulff, J. and Stanley, G. B. and Black, M. J.},
booktitle = eccv,
editor = {{A. Fitzgibbon et al.}},
publisher = {Springer-Verlag},
series = {Part IV, LNCS 7577},
month = oct,
pages = {611--625},
year = {2012}
}

@INPROCEEDINGS {Lin2017,
author = {T. Lin and P. Dollar and R. Girshick and K. He and B. Hariharan and S. Belongie},
booktitle = cvpr,
title = {Feature Pyramid Networks for Object Detection.},
year = {2017},
volume = {},
%issn = {1063-6919},
pages = {936-944},
%keywords = {feature extraction;detectors;semantics;computer architecture;proposals;object detection;robustness},
%doi = {10.1109/CVPR.2017.106},
%url = {https://doi.ieeecomputersociety.org/10.1109/CVPR.2017.106},
%publisher = {IEEE Computer Society},
%address = {Los Alamitos, CA, USA},
%month = {jul}
}

@INPROCEEDINGS{Liu2008,
  author={Liu, Ce and Freeman, William T. and Adelson, Edward H. and Weiss, Yair},
  booktitle=cvpr, 
  title={Human-Assisted Motion Annotation.}, 
  year={2008},
  volume={},
  number={},
  pages={1-8},
  %doi={10.1109/CVPR.2008.4587845}
}

@INPROCEEDINGS{Dosovitskiy2015,
  author={Dosovitskiy, Alexey and Fischer, Philipp and Ilg, Eddy and Häusser, Philip and Hazirbas, Caner and Golkov, Vladimir and Smagt, Patrick van der and Cremers, Daniel and Brox, Thomas},
  booktitle=iccv, 
  title={FlowNet: Learning Optical Flow with Convolutional Networks.}, 
  year={2015},
  volume={},
  number={},
  pages={2758-2766},
  %doi={10.1109/ICCV.2015.316}
}


@article{Kobayashi2022,
	%Abstract = {In our previous study, we successfully reproduced the illusory motion perceived in the rotating snakes illusion using deep neural networks incorporating predictive coding theory. In the present study, we further examined the properties of the network using a set of 1500 images, including ordinary static images of paintings and photographs and images of various types of motion illusions. Results showed that the networks clearly classified a group of illusory images and others and reproduced illusory motions against various types of illusions similar to human perception. Notably, the networks occasionally detected anomalous motion vectors, even in ordinally static images where humans were unable to perceive any illusory motion. Additionally, illusion-like designs with repeating patterns were generated using areas where anomalous vectors were detected, and psychophysical experiments were conducted, in which illusory motion perception in the generated designs was detected. The observed inaccuracy of the networks will provide useful information for further understanding information processing associated with human vision.},
	Author = {Kobayashi, Taisuke and Kitaoka, Akiyoshi and Kosaka, Manabu and Tanaka, Kenta and Watanabe, Eiji},
	Da = {2022/03/10},
	%Date-Added = {2022-09-09 12:49:49 -0400},
	%Date-Modified = {2022-09-09 12:49:49 -0400},
	%Doi = {10.1038/s41598-022-07438-3},
	Id = {Kobayashi2022},
	%Isbn = {2045-2322},
	Journal = {Scientific Reports},
	Number = {1},
	Pages = {3893},
	Title = {Motion illusion-like patterns extracted from photo and art images using predictive deep neural networks.},
	Ty = {JOUR},
%	Url = {https://doi.org/10.1038/s41598-022-07438-3},
	Volume = {12},
	Year = {2022},
	%Bdsk-Url-1 = {https://doi.org/10.1038/s41598-022-07438-3}
}


@book{gibson1947motion,
  title={Motion Picture Testing and Research.},
  author={Gibson, J.J.},
  number={no. 7},
  lccn={47032286},
  series={Aviation Psychology Program Research Reports},
  %url={https://books.google.com/books?id=BmUaAAAAIAAJ},
  year={1947},
  publisher={U.S. Government Printing Office}
}

@article{wolfe2000visual,
  title={Visual Attention.},
  author={Wolfe, Jeremy M.},
  journal={Seeing},
  pages={335--386},
  year={2000},
  publisher={Elsevier}
}

@inproceedings{dalle1,
  title={Zero-Shot Text-to-Image Generation.},
  author={Ramesh, Aditya and Pavlov, Mikhail and Goh, Gabriel and Gray, Scott and Voss, Chelsea and Radford, Alec and Chen, Mark and Sutskever, Ilya},
  booktitle=icml,
  pages={8821--8831},
  year={2021},
  %organization={PMLR}
}

@article{polyak1964some,
  title={Some Methods of Speeding Up the Convergence of Iteration Methods.},
  author={Polyak, Boris T.},
  journal={USSR Computational Mathematics and Mathematical Physics},
  volume={4},
  number={5},
  pages={1--17},
  year={1964},
  publisher={Elsevier}
}

@inproceedings{sutskever2013importance,
  title={On the Importance of Initialization and Momentum in Deep Learning.},
  author={Sutskever, Ilya and Martens, James and Dahl, George and Hinton, Geoffrey},
  booktitle=icml,
  pages={1139--1147},
  year={2013},
  %organization={PMLR}
}

@inproceedings{nesterov1983method,
  title={A Method for Unconstrained Convex Minimization Problem with the Rate of Convergence O ($1/k^2$).},
  author={Nesterov, Yurii},
  booktitle={Doklady an USSR},
  volume={269},
  pages={543--547},
  year={1983}
}

@misc{kingma2014adam,
  title={Adam: A Method for Stochastic Optimization.},
  author={Kingma, Diederik P. and Ba, Jimmy},
  eprint={1412.6980},
  archivePrefix={arXiv},
  year={2014}
}


@misc{zhang2016understanding,
  title={Understanding Deep Learning Requires Rethinking Generalization.},
  author={Zhang, Chiyuan and Bengio, Samy and Hardt, Moritz and Recht, Benjamin and Vinyals, Oriol},
    eprint={1611.03530},
    archivePrefix={arXiv},
  year={2016}
}

@article{zhang2021understanding,
  title={Understanding Deep Learning (Still) Requires Rethinking Generalization.},
  author={Zhang, Chiyuan and Bengio, Samy and Hardt, Moritz and Recht, Benjamin and Vinyals, Oriol},
  journal={Communications of the ACM},
  volume={64},
  number={3},
  pages={107--115},
  year={2021},
  publisher={ACM New York, NY, USA}
}

@article{beyer2002evolution,
  title={Evolution Strategies--a Comprehensive Introduction.},
  author={Beyer, Hans-Georg and Schwefel, Hans-Paul},
  journal={Natural Computing},
  volume={1},
  number={1},
  pages={3--52},
  year={2002},
  publisher={Springer}
}

@misc{salimans2017evolution,
  title={Evolution Strategies as a Scalable Alternative to Reinforcement Learning.},
  author={Salimans, Tim and Ho, Jonathan and Chen, Xi and Sidor, Szymon and Sutskever, Ilya},
    eprint={1703.03864},
    archivePrefix={arXiv},
  year={2017}
}

@INPROCEEDINGS{Zhang1999,
  author={Zhengyou Zhang},
  booktitle={Proceedings of the Seventh IEEE International Conference on Computer Vision}, 
  title={Flexible Camera Calibration by Viewing a Plane from Unknown Orientations.}, 
  year={1999},
  volume={1},
  number={},
  pages={666-673}}


@InProceedings{Recasens_2018_ECCV,
author = {Recasens, Adria and Kellnhofer, Petr and Stent, Simon and Matusik, Wojciech and Torralba, Antonio},
title = {Learning to Zoom: a Saliency-Based Sampling Layer for Neural Networks.},
booktitle = eccv,
month = {September},
year = {2018}
} 

@incollection{Kingdom2017,
    author = {Kingdom, Frederick A. A. and Yoonessi, Ali and Gheorghiu, Elena},
    title = "{The Leaning Tower Illusion.}",
    booktitle = "{The Oxford Compendium of Visual Illusions}",
    publisher = {Oxford University Press},
    year = {2017},
    month = {07},
    %doi = {10.1093/acprof:oso/9780199794607.003.0021},
    %url = {https://doi.org/10.1093/acprof:oso/9780199794607.003.0021},
    %eprint = {https://academic.oup.com/book/0/chapter/197066189/chapter-ag-pdf/44607913/book\_27344\_section\_197066189.ag.pdf},
}

@article{ha2016hypernetworks,
  title={Hypernetworks.},
  author={Ha, David and Dai, Andrew and Le, Quoc V},
  journal=iclr,
  year={2016}
}

@inproceedings{radford2021learning,
  title={Learning Transferable Visual Models from Natural Language Supervision.},
  author={Radford, Alec and Kim, Jong Wook and Hallacy, Chris and Ramesh, Aditya and Goh, Gabriel and Agarwal, Sandhini and Sastry, Girish and Askell, Amanda and Mishkin, Pamela and Clark, Jack and others},
  booktitle=icml,
  pages={8748--8763},
  year={2021},
  %organization={PMLR}
}

@article{rescorla1972theory,
  title={A Theory of Pavlovian Conditioning: Variations in the Effectiveness of Reinforcement and Non-Reinforcement.},
  author={Rescorla, Robert A},
  journal={Classical Conditioning, Current Research and Theory},
  volume={2},
  pages={64--69},
  year={1972},
  publisher={Appleton-Century-Crofts}
}

@book{freedman2010wrong,
  title={Wrong: Why Experts* Keep Failing Us--and How to Know When Not to Trust Them.},
  author={Freedman, David H},
  year={2010},
  publisher={New York: Little, Brown & Co.}
}

@article{barron1993universal,
  title={Universal approximation bounds for superpositions of a sigmoidal function.},
  author={Barron, Andrew R},
  journal={IEEE Transactions on Information theory},
  volume={39},
  number={3},
  pages={930--945},
  year={1993},
  publisher={IEEE}
}

@inproceedings{telgarsky2016benefits,
  title={Benefits of Depth in Neural Networks.},
  author={Telgarsky, Matus},
  booktitle={Conference on Learning Theory},
  pages={1517--1539},
  year={2016},
  organization={PMLR}
}

@misc{hinton2015distilling,
  title={Distilling the Knowledge in a Neural Network.},
  author={Hinton, Geoffrey and Vinyals, Oriol and Dean, Jeff},
  eprint={1503.02531},
  archivePrefix={arXiv},
  year={2015}
}

@article{gou2021knowledge,
  title={Knowledge Distillation: A Survey.},
  author={Gou, Jianping and Yu, Baosheng and Maybank, Stephen J and Tao, Dacheng},
  journal=ijcv,
  volume={129},
  pages={1789--1819},
  year={2021},
  %publisher={Springer}
}

@misc{TelgarskyNotes2021,
    title={Deep Learning Theory.},
    author={Matus Telgarsky},
note={Lecture notes},
    year={2021}
}

@book{hebb2005organization,
  title={The Organization of Behavior: A Neuropsychological Theory.},
  author={Hebb, Donald Olding},
  year={2005},
  publisher={Psychology Press}
}

@article{linsker1988self, 
    title={Self-Organization in a Perceptual Network.}, 
    author={Linsker, Ralph}, 
    journal={Computer}, 
    volume={21}, 
    number={3}, 
    pages={105--117}, 
    year={1988}, 
    publisher={IEEE} 
}

@article{hopfield1982neural,
  title={Neural Networks and Physical Systems with Emergent Collective Computational Abilities.},
  author={Hopfield, John J},
  journal={Proceedings of the National Academy of Sciences},
  volume={79},
  number={8},
  pages={2554--2558},
  year={1982},
  %publisher={National Acad Sciences}
}

@article{Schrimpf2020integrative,
  title={Integrative Benchmarking to Advance Neurally Mechanistic Models of Human Intelligence.},
  author={Schrimpf, Martin and Kubilius, Jonas and Lee, Michael J and Murty, N Apurva Ratan and Ajemian, Robert and DiCarlo, James J},
  journal={Neuron},
  year={2020},
  %url={https://www.cell.com/neuron/fulltext/S0896-6273(20)30605-X}
}

@book{sutton2018reinforcement,
  title={Reinforcement Learning: An Introduction.},
  author={Sutton, Richard S and Barto, Andrew G},
location={Cambridge, MA},
  year={2018},
  publisher={MIT press}
}


@article{Bay2008346seelaterentry,
  author = {Bay, Herbert and Ess, Andreas and Tuytelaars, Tinne and Gool, Luc Van},
  journal = {Computer Vision and Image Understanding},
  keywords = {detector feature surf},
  number = 3,
  pages = {346 -- 359},
  title = {Speeded-Up Robust Features (SURF).},
  volume = 110,
  year = 2008
}


@inproceedings{abbas2019geometric,
  title={A Geometric Approach to Obtain a Bird's Eye View From an Image.},
  author={Abbas, Syed Ammar and Zisserman, Andrew},
  booktitle={2019 IEEE/CVF International Conference on Computer Vision Workshop (ICCVW)},
  pages={4095--4104},
  year={2019},
  %organization={IEEE}
}

@techreport{cifar10,
title= {Learning Multiple Layers of Features from Tiny Images.},
author= {Alex Krizhevsky},
  institution = {University of Toronto, Toronto},
year= {2009}
}

@techreport{cifar100,
title= {Learning Multiple Layers of Features from Tiny Images.},
author= {Alex Krizhevsky},
  institution = {University of Toronto, Toronto},
year= {2009}
}

@article{griffin2007caltech,
  title={Caltech-256 object category dataset.},
  author={Griffin, Gregory and Holub, Alex and Perona, Pietro},
  year={2007},
  publisher={California Institute of Technology}
}

@article{Csurka2004,
  author = {Csurka, G. and Bray, C. and Dance, C. and Fan, L.},
  title = {Visual Categorization with Bags of Keypoints.},
  journal = {Workshop on Statistical Learning in Computer Vision, ECCV},
  keywords = {imported},
  pages = {1--22},
  year = 2004
}

@article{torralba2008,
  author={Torralba, Antonio and Fergus, Rob and Freeman, William T.},
  journal=pami, 
  title={80 Million Tiny Images: A Large Data Set for Nonparametric Object and Scene Recognition.}, 
  year={2008},
  volume={30},
  number={11},
  pages={1958--1970}
%  doi={10.1109/TPAMI.2008.128}
  }

@inproceedings{lin2014microsoft,
  author = {Lin, Tsung-Yi and Maire, Michael and Belongie, Serge and Bourdev, Lubomir and Girshick, Ross and Hays, James and Perona, Pietro and Ramanan, Deva and Zitnick, C. Lawrence and Dollár, Piotr},
  title = {Microsoft COCO: Common Objects in Context.},
  booktitle=eccv,
  pages = {740--755},
  year = 2014
}

@article{rosenblatt1958perceptron,
  title={The Perceptron: A Probabilistic Model for Information Storage and Organization in the Brain.},
  author={Rosenblatt, Frank},
  journal={Psychological review},
  volume={65},
  number={6},
  pages={386},
  year={1958},
  publisher={American Psychological Association}
}

@book{marvin1969perceptrons,
  title={Perceptrons.},
  author={Marvin Minsky and Seymour Papert},
  publisher={MIT Press},
address={Cambridge, MA},
  year={1969}
%  volume={6},
%  pages={318--362},
}

@book{Hecht2016,
  title={Optics},
  author={Hecht, Eugene},
  year={2016},
  edition={5},
  publisher={Pearson},
  address={Hoboken, NJ}
}

@ARTICLE{Lepetit2006,
  author={Lepetit, V. and Fua, P.},
  journal=pami, 
  title={Keypoint Recognition Using Randomized Trees.}, 
  year={2006},
  volume={28},
  number={9},
  pages={1465--1479},
  %doi={10.1109/TPAMI.2006.188}
  }



@book{Minnaert1993,
	address = {New York},
	author = {Marcel Minnaert},
	isbn = {1-4612-2722-4},
	publisher = {Springer New York},
	title = {Light and Color in the Outdoors.},
	year = {1993}
 }

@article{cortes1995support,
  title={Support-Vector Networks.},
  author={Cortes, Corinna and Vapnik, Vladimir},
  journal={Machine Learning},
  volume={20},
  pages={273--297},
  year={1995},
  publisher={Springer}
}

@article{fukushima1980neocognitron,
  title={Neocognitron: A Self-Organizing Neural Network Model for a Mechanism of Pattern Recognition Unaffected by Shift in Position.},
  author={Fukushima, Kunihiko},
  journal={Biological Cybernetics},
  volume={36},
  number={4},
  pages={193--202},
  year={1980},
  publisher={Springer}
}

@article{lecun1989backpropagation,
  title={Backpropagation Applied to Handwritten Zip Code Recognition.},
  author={LeCun, Yann and Boser, Bernhard and Denker, John S and Henderson, Donnie and Howard, Richard E and Hubbard, Wayne and Jackel, Lawrence D},
  journal={Neural Computation},
  volume={1},
  number={4},
  pages={541--551},
  year={1989},
  publisher={MIT Press}
}

@inproceedings{hough1959machine,
  title={Machine Analysis of Bubble Chamber Pictures.},
  author={Hough, Paul V. C.},
  booktitle={International Conference on High Energy Accelerators and Instrumentation, CERN, 1959},
  pages={554--556},
  year={1959}
}

@article{illingworth1988survey,
  title={A survey of the Hough transform.},
  author={Illingworth, John and Kittler, Josef},
  journal={Computer vision, graphics, and image processing},
  volume={44},
  number={1},
  pages={87--116},
  year={1988},
  publisher={Elsevier}
}

@article{duda1972use,
  title={Use of the Hough Transformation to Detect Lines and Curves in Pictures.},
  author={Duda, Richard O. and Hart, Peter E.},
  journal={Communications of the ACM},
  volume={15},
  number={1},
  pages={11--15},
  year={1972},
  publisher={ACM New York, NY, USA}
}

@misc{dataindisguise,
  author = {Ilya Sutskever},
  url = {https://twitter.com/ilyasut/status/1114658175272095744?s=20},
  note = {Accessed: April 6, 2019}
}

@misc{ramesh2022hierarchical,
  title={Hierarchical Text-Conditional Image Generation with Clip Latents.},
  author={Ramesh, Aditya and Dhariwal, Prafulla and Nichol, Alex and Chu, Casey and Chen, Mark},
  eprint={2204.06125},
  archivePrefix={arXiv},
  year={2022}
}

%@article{ramesh2022hierarchical,
%  title={Hierarchical text-conditional image generation with clip latents.},
%  author={Ramesh, Aditya and Dhariwal, Prafulla and Nichol, Alex and Chu, Casey and Chen, Mark},
%  journal={arXiv preprint arXiv:2204.06125},
%  year={2022}
%}


@inproceedings{rombach2022high,
  title={High-Resolution Image Synthesis with Latent Diffusion Models.},
  author={Rombach, Robin and Blattmann, Andreas and Lorenz, Dominik and Esser, Patrick and Ommer, Bj{\"o}rn},
  booktitle=cvpr,
  pages={10684--10695},
  year={2022}
}

@inproceedings{pathak2017curiosity,
  title={Curiosity-Driven Exploration by Self-Supervised Prediction.},
  author={Pathak, Deepak and Agrawal, Pulkit and Efros, Alexei A and Darrell, Trevor},
  booktitle=icml,
  pages={2778--2787},
  year={2017},
  %organization={PMLR}
}

@article{silver2016mastering,
  title={Mastering the Game of Go ith Deep Neural Networks and Tree Search.},
  author={Silver, David and Huang, Aja and Maddison, Chris J and Guez, Arthur and Sifre, Laurent and Van Den Driessche, George and Schrittwieser, Julian and Antonoglou, Ioannis and Panneershelvam, Veda and Lanctot, Marc and others},
  journal={Nature},
  volume={529},
  number={7587},
  pages={484--489},
  year={2016},
  publisher={Nature Publishing Group}
}

@misc{wu2023visual, 
title={Visual ChatGPT: Talking, Drawing and Editing with Visual Foundation Models.}, 
author={Wu, Chenfei and Yin, Shengming and Qi, Weizhen and Wang, Xiaodong and Tang, Zecheng and Duan, Nan}, 
    eprint={2303.04671},
    archivePrefix={arXiv},
year={2023} }

@inproceedings{suris2023vipergpt,
    title={ViperGPT: Visual Inference via Python Execution for Reasoning.},
    author={D\'idac Sur\'is and Sachit Menon and Carl Vondrick},
    booktitle=iccv,
    year={2023}
}

@misc{openai2023gpt4,
      title={GPT-4 Technical Report}, 
      author={OpenAI},
      year={2023},
      eprint={2303.08774},
      archivePrefix={arXiv},
      %primaryClass={cs.CL}
}

@misc{openai2023gpt4v,
      title={GPT-4V(ision) System Card}, 
      author={OpenAI},
      year={2024},
      %eprint={2303.08774},
      %archivePrefix={arXiv},
      %primaryClass={cs.CL}
}

@inproceedings{gupta2023visual,
  title={Visual programming: Compositional visual reasoning without training.},
  author={Gupta, Tanmay and Kembhavi, Aniruddha},
  booktitle=cvpr,
  pages={14953--14962},
  year={2023}
}

@inproceedings{alayrac2022flamingo,
  title={Flamingo: A Visual Language Model for Few-Shot Learning.},
  author={Alayrac, Jean-Baptiste and Donahue, Jeff and Luc, Pauline and Miech, Antoine and Barr, Iain and Hasson, Yana and Lenc, Karel and Mensch, Arthur and Millican, Katherine and Reynolds, Malcolm and others},
  booktitle=nips,
  volume={35},
  pages={23716--23736},
  year={2022}
}

@article{shi2000normalized,
  title={Normalized Cuts and Image Segmentation.},
  author={Jianbo Shi and Jitendra Malik},
  journal=pami,
  volume={22},
  number={8},
  pages={888--905},
  year={2000},
  publisher={Ieee}
}

@article{arbelaez2010contour,
  title={Contour Detection and Hierarchical Image Segmentation.},
  author={Arbelaez, Pablo and Maire, Michael and Fowlkes, Charless and Malik, Jitendra},
  journal=pami,
  volume={33},
  number={5},
  pages={898--916},
  year={2010},
  publisher={IEEE}
}

@inproceedings{chen2020simple,
  title={A Simple Framework for Contrastive Learning of Visual Representations.},
  author={Chen, Ting and Kornblith, Simon and Norouzi, Mohammad and Hinton, Geoffrey},
  booktitle=icml,
  pages={1597--1607},
  year={2020},
  %organization={PMLR}
}

@inproceedings{he2020momentum,
  title={Momentum Contrast for Unsupervised Visual Representation Learning.},
  author={He, Kaiming and Fan, Haoqi and Wu, Yuxin and Xie, Saining and Girshick, Ross},
  booktitle=cvpr,
  pages={9729--9738},
  year={2020}
}

@inproceedings{caron2021emerging,
  title={Emerging Properties in Self-Supervised Vision Transformers.},
  author={Caron, Mathilde and Touvron, Hugo and Misra, Ishan and J{\'e}gou, Herv{\'e} and Mairal, Julien and Bojanowski, Piotr and Joulin, Armand},
  booktitle=iccv,
  pages={9650--9660},
  year={2021}
}

@inproceedings{parish2001procedural,
  title={Procedural Modeling of Cities.},
  author={Parish, Yoav I. H. and M{\"u}ller, Pascal},
  booktitle={Proceedings of the 28th Annual Conference on Computer Graphics and Interactive Techniques},
  pages={301--308},
  year={2001}
}

@inproceedings{StatesAndTransformations,
   author="Phillip Isola and Joseph J. Lim and Edward H. Adelson",
   title="Discovering States and Transformations in Image Collections.", 
   booktitle=cvpr, 
   year="2015"
}

@article{visualgenome,
   author={Krishna, Ranjay and Zhu, Yuke and Groth, Oliver and Johnson, Justin and Hata, Kenji and Kravitz, Joshua and Chen, Stephanie and Kalantidis, Yannis and Li, Li-Jia and Shamma, David A. and Bernstein, Michael S. and Fei-Fei, Li},
   title={Visual Genome: Connecting Language and Vision Using Crowdsourced Dense Image Annotations.},
   volume={123},
   number={1},
   journal=ijcv,
   %publisher={Springer Science and Business Media LLC},
   year={2017},
   pages={32–-73} 
 }

@inproceedings{antol2015vqa,
  title={VQA: Visual Question Answering.},
  author={Antol, Stanislaw and Agrawal, Aishwarya and Lu, Jiasen and Mitchell, Margaret and Batra, Dhruv and Zitnick, C Lawrence and Parikh, Devi},
  booktitle=iccv,
  pages={2425--2433},
  year={2015}
}

@inproceedings{ordonez2011im2text,
  title={Im2text: Describing Images Using 1 Million Captioned Photographs.},
  author={Ordonez, Vicente and Kulkarni, Girish and Berg, Tamara},
  booktitle=nips,
  volume={24},
  year={2011}
}

@misc{bahng2022exploring,
    title={Exploring Visual Prompts for Adapting Large-Scale Models.},
    author={Hyojin Bahng and Ali Jahanian and Swami Sankaranarayanan and Phillip Isola},
    eprint={2203.17274},
    archivePrefix={arXiv},
    year={2022},
    %primaryClass={cs.CV}
}

@inproceedings{bar2022visual,
  title={Visual Prompting Via Image Inpainting.},
  author={Bar, Amir and Gandelsman, Yossi and Darrell, Trevor and Globerson, Amir and Efros, Alexei},
  booktitle=nips,
  volume={35},
  pages={25005--25017},
  year={2022}
}

@inproceedings{jia2022visual,
  title={Visual Prompt Tuning.},
  author={Jia, Menglin and Tang, Luming and Chen, Bor-Chun and Cardie, Claire and Belongie, Serge and Hariharan, Bharath and Lim, Ser-Nam},
  booktitle=eccv,
  pages={709--727},
  year={2022},
  %organization={Springer}
}

@misc{elsayed2018adversarial,
  title={Adversarial Reprogramming of Neural Networks.},
  author={Elsayed, Gamaleldin F and Goodfellow, Ian and Sohl-Dickstein, Jascha},
    eprint={1806.11146},
    archivePrefix={arXiv},
  year={2018}
} 

@inproceedings{jahanian2021generative, 
title={Generative Models as a Data Source for Multiview Representation Learning.}, 
author={Jahanian, Ali and Puig, Xavier and Tian, Yonglong and Isola, Phillip}, 
booktitle=iclr, 
year={2022} }

@misc{he2022synthetic,
  title={Is Synthetic Data from Generative Models Ready for Image Recognition?},
  author={He, Ruifei and Sun, Shuyang and Yu, Xin and Xue, Chuhui and Zhang, Wenqing and Torr, Philip and Bai, Song and Qi, Xiaojuan},
  eprint={2210.07574},
  archivePrefix={arXiv},
  year={2022}
}

@inproceedings{brooks2022instructpix2pix,
  title={Instructpix2pix: Learning to Follow Image Editing Instructions.},
  author={Brooks, Tim and Holynski, Aleksander and Efros, Alexei A},
  booktitle=cvpr,
  year={2023}
}

@inproceedings{andrychowicz2016learning,
  title={Learning to Learn by Gradient Descent by Gradient Descent.},
  author={Andrychowicz, Marcin and Denil, Misha and Gomez, Sergio and Hoffman, Matthew W and Pfau, David and Schaul, Tom and Shillingford, Brendan and De Freitas, Nando},
  booktitle=nips,
  volume={29},
  year={2016}
}

@misc{rodríguezmuñoz2022aliasing,
      title={Aliasing is a Driver of Adversarial Attacks.}, 
      author={Adrián Rodríguez-Muñoz and Antonio Torralba},
      year={2022},
      eprint={2212.11760},
      archivePrefix={arXiv},
      %primaryClass={cs.CV}
}

@inproceedings{houthooft2018evolved,
    title={Evolved Policy Gradients.},
    author={Rein Houthooft and Richard Y. Chen and Phillip Isola and Bradly C. Stadie and Filip Wolski and Jonathan Ho and Pieter Abbeel},
    booktitle=nips,
    year={2018},
}


@inproceedings{he2022masked,
  title={Masked Autoencoders are Scalable Vision Learners.},
  author={He, Kaiming and Chen, Xinlei and Xie, Saining and Li, Yanghao and Doll{\'a}r, Piotr and Girshick, Ross},
  booktitle=cvpr,
  pages={15979--15988},
  year={2022}
}


@inproceedings{wei2020multi,
  title={Multi-Modality Cross Attention Network for Image and Sentence Matching.},
  author={Wei, Xi and Zhang, Tianzhu and Li, Yan and Zhang, Yongdong and Wu, Feng},
  booktitle=cvpr,
  pages={10941--10950},
  year={2020}
}

%@misc{zhang2023adding,
%    title={Adding Conditional Control to Text-to-Image Diffusion Models.},
%    author={Lvmin Zhang and Maneesh Agrawala},
%    year={2023},
%    eprint={2302.05543},
%    archivePrefix={arXiv},
%    %primaryClass={cs.CV}
%}

@inproceedings{zhang2023adding,
	author = {Zhang, Lvmin and Rao, Anyi and Agrawala, Maneesh},
	title = {Adding Conditional Control to Text-to-Image Diffusion Models.},
    booktitle = iccv,
	year = {2023}
}


@inproceedings{sohl2015deep,
  title={Deep Unsupervised Learning Using Nonequilibrium Thermodynamics.},
  author={Sohl-Dickstein, Jascha and Weiss, Eric and Maheswaranathan, Niru and Ganguli, Surya},
  booktitle=icml,
  pages={2256--2265},
  year={2015},
}

@inproceedings{ho2020denoising,
  title={Denoising Diffusion Probabilistic Models.},
  author={Ho, Jonathan and Jain, Ajay and Abbeel, Pieter},
  booktitle=nips,
  volume={33},
  pages={6840--6851},
  year={2020}
}

@misc{bansal2022cold,
  title={Cold Diffusion: Inverting Arbitrary Image Transforms 
         Without Noise.},
  author={Bansal, Arpit and Borgnia, Eitan and Chu, Hong-Min and Li, Jie S and Kazemi, Hamid and Huang, Furong and Goldblum, Micah and Geiping, Jonas and Goldstein, Tom},
    eprint={2208.09392},
    archivePrefix={arXiv},
  year={2022}
}

@incollection{wolfe2007,
    author = {Wolfe, Jeremy M.},
    title = {Guided Search 4.0: Current Progress with a Model of Visual Search.},
    booktitle = "{Integrated Models of Cognitive Systems}",
    publisher = {Oxford University Press},
    year = {2007},
    %month = {05},
    %doi = {10.1093/acprof:oso/9780195189193.003.0008},
    %url = {https://doi.org/10.1093/acprof:oso/9780195189193.003.0008},
    %eprint = {https://academic.oup.com/book/0/chapter/322691214/chapter-ag-pdf/44483182/book\_37037\_section\_322691214.ag.pdf},
}

@article{TreismanGelade1980,
%  added-at = {2007-11-09T10:14:21.000+0100},
  author = {Treisman, A M and Gelade, G},
%  biburl = {https://www.bibsonomy.org/bibtex/25b3bfa23d2451f96807ba544f31f4115/tmalsburg},
%  description = {A feature-integration theory of attention. [Cognit Psychol. 1980] - PubMed Result},
%  interhash = {0e81e9482d2f0e91c18ec3a215fe29ab},
%  intrahash = {5b3bfa23d2451f96807ba544f31f4115},
  journal = {Cognit Psychol},
  keywords = {-23PAttention},
  month = Jan,
  number = 1,
  pages = {97-136},
%  pmid = {7351125},
%  timestamp = {2007-11-09T10:14:22.000+0100},
  title = {A Feature-Integration Theory of Attention.},
%  url = {http://www.ncbi.nlm.nih.gov/sites/entrez?cmd=Retrieve&db=PubMed&list_uids=7351125&dopt=Citation},
  volume = 12,
  year = 1980
}



@article{Koch_Ullman_1985,
    title={Shifts in Selective Visual Attention: Towards the Underlying Neural Circuitry.},
	author = {Koch, C and Ullman, S},
	journal = {Human Neurobiology},
	number = {4},
	pages = {219--227},
	volume = {4},
	year = {1985}
}


@article{Uijlings2013,
  author = {Uijlings, Jasper R. R. and van de Sande, Koen E. A. and Gevers, Theo and Smeulders, Arnold W. M.},
  journal = ijcv,
  number = 2,
  pages = {154--171},
  title = {Selective Search for Object Recognition.},
  volume = 104,
  year = 2013
}


@article{Hancock1970,
	author = {Hancock, Peter and Baddeley, Roland and Smith, Leslie},
	journal = {Network: Computation in Neural Systems},
	%month = {02},
	title = {The Principal Components of Natural Images.},
	volume = {3},
	year = {1970}
}

@inproceedings{Ren2015,
  author = {Ren, Shaoqing and He, Kaiming and Girshick, Ross B. and Sun, Jian},
  booktitle = nips,
  pages = {91--99},
  title = {Faster R-CNN: Towards Real-Time Object Detection with Region Proposal Networks.},
  year = 2015
}

@article{Fleuret2001,
author = {Fleuret, Francois and Geman, Donald},
title = {Coarse-to-Fine Face Detection.},
year = {2001},
volume = {41},
number = {1–2},
journal = ijcv,
pages = {85–-107},
}

@INPROCEEDINGS{Geman1994,
author = {Geman, Donald and Jedynak, Bruno and Robotique, Programme and Syntim, Projet},
year = {1994},
pages = {21--37},
title = {Shape Recognition and Twenty Questions.},
booktitle = {Proceedings Reconnaissance des Formes et Intelligence Articielle},
}


@INPROCEEDINGS{he2017,
  title = {Mask R-CNN.},
  author = {He, Kaiming and Gkioxari, Georgia and Dollár, Piotr and Girshick, Ross},
  booktitle = iccv,
  pages = {2961-2969},
  year = 2017
}

@INPROCEEDINGS {Gkioxari2019,
title = {Mesh R-CNN.},
author = {G. Gkioxari and J. Johnson and J. Malik},
booktitle = iccv,
year = {2019},
pages = {9784-9794}
}

@article{Badrinarayanan2015,
author = {Badrinarayanan, Vijay and Handa, Ankur and Cipolla, Roberto},
    journal = pami,
  year={2015},
  volume={39},
  pages={2481-2495},
title = {SegNet: A Deep Convolutional Encoder-Decoder Architecture for Robust Semantic Pixel-Wise Labelling.}
}


@INPROCEEDINGS {Redmon2016,
author = {J. Redmon and S. Divvala and R. Girshick and A. Farhadi},
booktitle = cvpr,
title = {You Only Look Once: Unified, Real-Time Object Detection.},
year = {2016},
pages = {779-788},
}


@INPROCEEDINGS{Ranftl2021,
	author    = {Ren\'{e} Ranftl and Alexey Bochkovskiy and Vladlen Koltun},
	title     = {Vision Transformers for Dense Prediction.},
	booktitle   = iccv,
	year      = {2021},
}


@phdthesis{criminisi1999accurate,
	author = {Criminisi, Antonio},
	title = {Accurate Visual Metrology from Single and Multiple Uncalibrated Images.},
	year = {1999},
 }

@inproceedings{zhou2019neurvps,
 author={Zhou, Yichao and Qi, Haozhi and Huang, Jingwei and Ma, Yi},
 title={{NeurVPS}: Neural Vanishing Point Scanning via Conic Convolution.},
 booktitle=nips,
 year={2019}
}

@inproceedings{Chang2018DeepVPDL,
  title={DeepVP: Deep Learning for Vanishing Point Detection on 1 Million Street View Images.},
  author={Chin-Kai Chang and Jiaping Zhao and Laurent Itti},
  journal={2018 IEEE International Conference on Robotics and Automation (ICRA)},
  year={2018},
  pages={1-8}
}


@inproceedings{coughlan1999manhattan,
	title = {Manhattan World: Compass Direction from a Single Image by Bayesian Inference.},
	author = {James Coughlan and Alan L. Yuille},
	booktitle = iccv,
	pages = {941--947},
	year = {1999}
}

@inproceedings{martens2015optimizing,
  title={Optimizing Neural Networks with Kronecker-Factored Approximate Curvature.},
  author={Martens, James and Grosse, Roger},
  booktitle=icml,
  pages={2408--2417},
  year={2015},
}

@inproceedings{foret2020sharpness,
  title={Sharpness-Aware Minimization for Efficiently Improving Generalization.},
  author={Foret, Pierre and Kleiner, Ariel and Mobahi, Hossein and Neyshabur, Behnam},
  booktitle=iclr,
  year={2021}
}

@inproceedings{lee2016gradient,
  title={Gradient Descent Only Converges to Minimizers.},
  author={Lee, Jason D and Simchowitz, Max and Jordan, Michael I and Recht, Benjamin},
  booktitle={Conference on Learning Theory},
  pages={1246--1257},
  year={2016},
}

@inproceedings{loshchilov2016sgdr,
  title={SGDR: Stochastic Gradient Descent with Warm Restarts.},
  author={Loshchilov, Ilya and Hutter, Frank},
  booktitle=iclr,
  year={2017}
}

@article{olah2017feature,
  title={Feature Visualization.},
  author={Olah, Chris and Mordvintsev, Alexander and Schubert, Ludwig},
  journal={Distill},
  volume={2},
  number={11},
  pages={e7},
  year={2017}
}

@ARTICLE{Zhang2000,
  author={Zhang, Z.},
  journal=pami, 
  title={A Flexible New Technique for Camera Calibration.}, 
  year={2000},
  volume={22},
  number={11},
  pages={1330-1334}
  %doi={10.1109/34.888718}
}

@book{Trucco1998,
author = {Trucco, Emanuele and Verri, Alessandro},
title = {Introductory Techniques for 3-D Computer Vision.},
year = {1998},
publisher = {Prentice Hall PTR},
address = {USA}
}

@article{Barron2015ShapeIA,
  title={Shape, Illumination, and Reflectance from Shading.},
  author={Jonathan T. Barron and Jitendra Malik},
  journal=pami,
  year={2015},
  volume={37},
  pages={1670-1687}
}


@article{Knill97,
	%abstract = {Shadows provide a strong source of information about the shapes of surfaces. We analyze the local geometric structure of shadow contours on piecewise smooth surfaces. Particular attention is paid to intrinsic shadows on a surface: that is, shadows created on a surface by the surface's own shape and placement relative to a light source. Intrinsic shadow contours provide useful information about the direction of the light source and the qualitative shape of the underlying surface. We analyze the invariants relating surface shape and light-source direction to the shapes and singularities of intrinsic shadow contours. The results suggest that intrinsic shadows can be used to directly infer illuminant tilt, qualitative global surface structure, and, at intersections with surface creases, the concavity/convexity of a surface. We show that the results obtained for point sources of light generalize in a straightforward way to extended light sources, under the assumption that light sources are convex.},
	author = {David C. Knill and Pascal Mamassian and Daniel Kersten},
	%doi = {10.1364/JOSAA.14.003216},
	journal = josa,
	%keywords = {Light sources; Reconstruction algorithms; Segmentation; Visible sources; Visual perception; Visual system},
	%month = {Dec},
	number = {12},
	pages = {3216--3232},
	publisher = {Optica Publishing Group},
	title = {Geometry of Shadows.},
	%url = {https://opg.optica.org/josaa/abstract.cfm?URI=josaa-14-12-3216},
	volume = {14},
	year = {1997},
	%bdsk-url-1 = {https://opg.optica.org/josaa/abstract.cfm?URI=josaa-14-12-3216},
	%bdsk-url-2 = {https://doi.org/10.1364/JOSAA.14.003216}
 }


@article{Madison2001,
	author = {Madison, Cindee and Thompson, William and Kersten, Daniel and Shirley, Peter and Smits, Brian},
	journal = {Perception \& Psychophysics},
	number = {2},
	pages = {187--194},
	title = {Use of Interreflection and Shadow for Surface Contact.},
	volume = {63},
	year = {2001},
 }


@article{Nayar1991,
	author = {Nayar, Shree K. and Ikeuchi, Katsushi and Kanade, Takeo},
	journal = ijcv,
	number = {3},
	pages = {173--195},
	title = {Shape from Interreflections.},
	%url = {https://doi.org/10.1007/BF00115695},
	volume = {6},
	year = {1991},
	%bdsk-url-1 = {https://doi.org/10.1007/BF00115695}
 }

@inproceedings{Karnieli2022,
author = {Karnieli, Asaf and Fried, Ohad and Hel-Or, Yacov},
title = {DeepShadow: Neural Shape From Shadow.},
year = {2022},
%isbn = {978-3-031-20085-4},
%publisher = {Springer-Verlag},
%address = {Berlin, Heidelberg},
%url = {https://doi.org/10.1007/978-3-031-20086-1_24},
%doi = {10.1007/978-3-031-20086-1_24},
%abstract = {This paper presents ‘DeepShadow’, a one-shot method for recovering the depth map and surface normals from photometric stereo shadow maps. Previous works that try to recover the surface normals from photometric stereo images treat cast shadows as a disturbance. We show that the self and cast shadows not only do not disturb 3D reconstruction, but can be used alone, as a strong learning signal, to recover the depth map and surface normals. We demonstrate that 3D reconstruction from shadows can even outperform shape-from-shading in certain cases. To the best of our knowledge, our method is the first to reconstruct 3D shape-from-shadows using neural networks. The method does not require any pre-training or expensive labeled data, and is optimized during inference time.},
booktitle = eccv,
%{Computer Vision – ECCV 2022: 17th European Conference, Tel Aviv, Israel, October 23–27, 2022, Proceedings, Part II},
pages = {415–430},
numpages = {16},
%keywords = {Shape from shadow, One-shot, Inverse graphics},
%location = {Tel Aviv, Israel}
}

@inproceedings{Kaiming2009,
  author={Kaiming He and Jian Sun and Xiaoou Tang},
  booktitle=cvpr, 
  title={Single Image Haze Removal Using Dark Channel Prior.}, 
  year={2009},
  pages={1956-1963}
  }


@article{Hoiem2008,
	author = {Hoiem, Derek and Efros, Alexei A. and Hebert, Martial},
	journal = ijcv,
	number = {1},
	pages = {3--15},
	title = {Putting Objects in Perspective.},
	volume = {80},
	year = {2008},
 }

%@article{ba2016layer,
%  title={Layer normalization.},
%  author={Ba, Jimmy Lei and Kiros, Jamie Ryan and Hinton, Geoffrey E},
%  journal={arXiv preprint arXiv:1607.06450},
%  year={2016}
%}

@misc{ba2016layer,
    title={Layer Normalization.},
    author={Jimmy Lei Ba and Jamie Ryan Kiros and Geoffrey E. Hinton},
    eprint={1607.06450},
    archivePrefix={arXiv},
    year={2016}
}


@inproceedings{wu2018group,
  title={Group Normalization.},
  author={Wu, Yuxin and He, Kaiming},
  booktitle=eccv,
  pages={3--19},
  year={2018}
}

@InProceedings{vgg16,
  author       = "Karen Simonyan and Andrew Zisserman",
  title        = "Very Deep Convolutional Networks for Large-Scale Image Recognition.",
  booktitle    = iclr,
  year         = "2015",
}

@inproceedings{FCNs,
  title={Fully Convolutional Networks for Semantic Segmentation.},
  author={Long, Jonathan and Shelhamer, Evan and Darrell, Trevor},
  booktitle=cvpr,
  pages={3431--3440},
  year={2015}
}


@article{Pell2007,
	address = {Psychology and Neural Science, New York University, New York, NY, USA},
	author = {Pell, Denis G and Cavanagh, Patrick and Desimone, Robert and Tjan, Bosco and Treisman, Anne},
	date = {2007},
	journal = {Journal of Vision},
	number = {2},
	own = {NLM},
	pages = {1},
	title = {Crowding: Including Illusory Conjunctions, Surround Suppression, and Attention.},
	volume = {7},
	year = {2007}
 }


@article{Ariely2001,
	author = {Dan Ariely},
	%doi = {10.1111/1467-9280.00327},
	%eprint = {https://doi.org/10.1111/1467-9280.00327},
	journal = {Psychological Science},
	%note = {PMID: 11340926},
	number = {2},
	pages = {157-162},
	title = {Seeing Sets: Representation by Statistical Properties.},
	%url = {https://doi.org/10.1111/1467-9280.00327},
	volume = {12},
	year = {2001},
	%bdsk-url-1 = {https://doi.org/10.1111/1467-9280.00327}
 }


@article{Julesz1981,
	author = {Julesz, Bela},
	journal = {Nature},
	number = {5802},
	pages = {91--97},
	title = {Textons, the Elements of Texture Perception, and Their Interactions.},
	volume = {290},
	year = {1981}
 }


@article{Saxena2008,
	author = {Saxena, Ashutosh and Chung, Sung H. and Ng, Andrew Y.},
	journal = ijcv,
	number = {1},
	pages = {53--69},
	title = {3-D Depth Reconstruction from a Single Still Image.},
	volume = {76},
	year = {2008}
}

@article{Derek2005,
author = {Hoiem, Derek and Efros, Alexei A. and Hebert, Martial},
title = {Automatic Photo Pop-Up.},
year = {2005},
volume = {24},
number = {3},
journal = tog,
%month = {jul},
pages = {577–584},
numpages = {8},
}

  

@article{Ullman1979,
	author = {Ullman, S. and Brenner, Sydney},
	journal = {Proceedings of the Royal Society of London. Series B. Biological Sciences},
	number = {1153},
	pages = {405-426},
	title = {The Interpretation of Structure from Motion.},
	volume = {203},
	year = {1979},
}


@article{Hartline1938,
	author = {Hartline, H. K.},
	journal = {American Journal of Physiology-Legacy Content},
	number = {2},
	pages = {400-415},
	title = {The Response of Single Optic Nerve Fibers of the Vertebrate Eye to Illumination of the Retina.},
	volume = {121},
	year = {1938}
}


@article{Sherrington1906,
	author = {Sherrington, C S},
	journal = {The Journal of physiology},
	%language = {eng},
	%lr = {20190513},
	%mhda = {1906/03/13 00:01},
	%month = {Mar},
	number = {1-2},
	%own = {NLM},
	pages = {1--50},
	%phst = {1906/03/13 00:00 {$[$}pubmed{$]$}; 1906/03/13 00:01 {$[$}medline{$]$}; 1906/03/13 00:00 {$[$}entrez{$]$}},
	%pl = {England},
	%pmc = {PMC1465804},
	%pmid = {16992835},
	%pst = {ppublish},
	%pt = {Journal Article},
	%status = {PubMed-not-MEDLINE},
	title = {Observations on the Scratch-Reflex in the Spinal Dog.},
	volume = {34},
	year = {1906},
	%bdsk-url-1 = {https://doi.org/10.1113/jphysiol.1906.sp001139}
}


@article{Kuffler1953,
	author = {Kuffler, Stephen W.},
	%doi = {10.1152/jn.1953.16.1.37},
	%eprint = {https://doi.org/10.1152/jn.1953.16.1.37},
	journal = {Journal of Neurophysiology},
	%note = {PMID: 13035466},
	number = {1},
	pages = {37-68},
	title = {Discharge Patterns and Functional Organization of Mammalian Retina.},
	%url = {https://doi.org/10.1152/jn.1953.16.1.37},
	volume = {16},
	year = {1953},
	%bdsk-url-1 = {https://doi.org/10.1152/jn.1953.16.1.37}
}


@techreport{Nene1996,
  %abstract = {Columbia Object Library (COIL-20) is a database of gray-scale images of 20 objects. The objects were placed on a motorized turntable against a black background. The turntable was rotated through 360 degrees to vary object pose with respect to a fixed camera. Images of the objects were taken at pose intervals of 5 degrees. This corresponds to 72 images per object. The database has two sets of images. The first set contains 720 unprocessed images of 10 objects. The second contains 1440 size normalized images of 20 objects. COIL-20 is available online via ftp.},
  %added-at = {2012-07-13T11:58:56.000+0200},
  author = {Nene, Samer A. and Nayar, Shree K. and Murase, Hiroshi},
  %biburl = {https://www.bibsonomy.org/bibtex/2e21afb22e024792723fc3b9f659c522e/jabreftest},
  %file = {Nene1996.pdf:1996/Nene1996.pdf:PDF},
  %groups = {public},
  institution = {Department of Computer Science, Columbia University},
  %interhash = {bc7cbc30bc6b612dcc7f018d194beed4},
  %intrahash = {e21afb22e024792723fc3b9f659c522e},
  %keywords = {},
  %month = {February},
  %number = {CUCS-005-96},
  %timestamp = {2012-07-13T11:58:56.000+0200},
  title = {Columbia Object Image Library (COIL-20).},
  %username = {jabreftest},
  year = 1996
}


@inproceedings{hu2021lora,
  title={LoRa: Low-Rank Adaptation of Large Language Models.},
  author={Hu, Edward J and Shen, Yelong and Wallis, Phillip and Allen-Zhu, Zeyuan and Li, Yuanzhi and Wang, Shean and Wang, Lu and Chen, Weizhu},
  booktitle=iclr,
  year={2022}
}

@article{jefferys1992ockham,
  title={Ockham's Razor and Bayesian Analysis.},
  author={Jefferys, William H. and Berger, James O.},
  journal={American Scientist},
  volume={80},
  number={1},
  pages={64--72},
  year={1992},
  publisher={JSTOR}
}



@article{VANDERSCHAAF1996,
	author = {A. {van der Schaaf} and J.H. {van Hateren}},
	journal = {Vision Research},
	number = {17},
	pages = {2759-2770},
	title = {Modelling the Power Spectra of Natural Images: Statistics and Information.},
	volume = {36},
	year = {1996}
}



@article{Atick1990,
	author = {Atick, Joseph J. and Redlich, A. Norman},
	journal = {Neural Computation},
	month = {09},
	number = {3},
	pages = {308-320},
	title = {Towards a Theory of Early Visual Processing.},
	volume = {2},
	year = {1990}
}


@article{Field1987,
	author = {David J. Field},
	journal = josa,
	number = {12},
	pages = {2379--2394},
	title = {Relations Between the Statistics of Natural Images and the Response Properties of Cortical Cells.},
	volume = {4},
	year = {1987}
}


@article{Curcio1990,
	author = {Curcio, Christine A. and Sloan, Kenneth R. and Kalina, Robert E. and Hendrickson, Anita E.},
	journal = {Journal of Comparative Neurology},
	number = {4},
	pages = {497-523},
	title = {Human Photoreceptor Topography.},
	volume = {292},
	year = {1990}
}

@article{Atick1992,
	author = {Atick, Joseph J. and Redlich, A. Norman},
	journal = {Neural Computation},
	%month = {03},
	number = {2},
	pages = {196-210},
	title = {What Does the Retina Know about Natural Scenes?},
	volume = {4},
	year = {1992}}


@inproceedings{van2016conditional,
  title={Conditional Image Generation with Pixelcnn Decoders.},
  author={Van den Oord, Aaron and Kalchbrenner, Nal and Espeholt, Lasse and Vinyals, Oriol and Graves, Alex and others},
  booktitle=nips,
  volume={29},
  year={2016}
}

@inproceedings{Biederman1976,
author = {Biederman, Irving},
title = {On Processing Information from a Glance at a Scene: Some Implications for a Syntax and Semantics of Visual Processing.},
year = {1976},
%publisher = {Association for Computing Machinery},
%address = {New York, NY, USA},
booktitle = {Proceedings of the ACM/SIGGRAPH Workshop on User-Oriented Design of Interactive Graphics Systems},
pages = {75–88},
numpages = {14},
}


@article{Shepard1971aa,
	author = {Shepard, Roger N. and Metzler, Jacqueline},
	journal = {Science},
	number = {3972},
	pages = {701--703},
	title = {Mental Rotation of Three-Dimensional Objects.},
	volume = {171},
	year = {1971}
}

@article{Tarr1989MentalRA,
  title={Mental Rotation and Orientation-Dependence in Shape Recognition.},
  author={Michael J. Tarr and Steven Pinker},
  journal={Cognitive Psychology},
  year={1989},
  volume={21},
  pages={233-282},
  %url={https://api.semanticscholar.org/CorpusID:9786799}
}
  
@INPROCEEDINGS{shi1994goodfeatures,
  author={Jianbo Shi and Tomasi},
  booktitle=cvpr, 
  title={Good Features to Track.}, 
  year={1994},
  volume={},
  number={},
  pages={593-600},
  %doi={10.1109/CVPR.1994.323794}
}

@inproceedings{donahue2016adversarial,
  title={Adversarial Feature Learning.},
  author={Donahue, Jeff and Kr{\"a}henb{\"u}hl, Philipp and Darrell, Trevor},
  booktitle=iclr,
  year={2017}
}

@inproceedings{chai2021ensembling,
  title={Ensembling with Deep Generative Views.},
  author={Chai, Lucy and Zhu, Jun-Yan and Shechtman, Eli and Isola, Phillip and Zhang, Richard},
  booktitle=cvpr,
  pages={14997--15007},
  year={2021}
}

%@misc{kirillov2023segment,
%  title={Segment Anything.},
%  author={Kirillov, Alexander and Mintun, Eric and Ravi, Nikhila and Mao, Hanzi and Rolland, Chloe and Gustafson, Laura and Xiao, Tete and Whitehead, Spencer and Berg, Alexander C and Lo, Wan-Yen and others},
%    eprint={2304.02643},
%    archivePrefix={arXiv},
%  year={2023}
%}
@InProceedings{kirillov2023segment,
    author    = {Kirillov, Alexander and Mintun, Eric and Ravi, Nikhila and Mao, Hanzi and Rolland, Chloe and Gustafson, Laura and Xiao, Tete and Whitehead, Spencer and Berg, Alexander C. and Lo, Wan-Yen and Dollar, Piotr and Girshick, Ross},
    title     = {Segment Anything},
    booktitle = iccv,
    year      = {2023},
    pages     = {4015--4026}
}

@inproceedings{haviv-etal-2022-transformer,
    title = "Transformer Language Models without Positional Encodings Still Learn Positional Information.",
    author = "Haviv, Adi  and
      Ram, Ori  and
      Press, Ofir  and
      Izsak, Peter  and
      Levy, Omer",
    booktitle = "Findings of the Association for Computational Linguistics: EMNLP",
    year = "2022",
    address = "Abu Dhabi, United Arab Emirates",
    publisher = "Association for Computational Linguistics",
    pages = "1382--1390",
}

@book{fodor1975language,
  title={The Language of Thought.},
  author={Fodor, Jerry A},
  volume={5},
  year={1975},
  address = {Cambridge, MA},
  publisher={Harvard University Press}
}


@inproceedings{Sturm1996,
	title = {A Factorization Based Algorithm for Multi-image Projective Structure and Motion.},
	author = "Sturm, Peter and Triggs, Bill",
	booktitle = eccv,
	pages = {709--720},
	%editor = {Buxton, Bernard and Cipolla, Roberto},
	%publisher = {Springer Berlin Heidelberg},
	%address = {Berlin, Heidelberg},
	year = {1996}
}

@INPROCEEDINGS{Tylecek13,
  author = {Radim Tyle{\v c}ek and Radim {\v S}{\' a}ra},
  title = {Spatial Pattern Templates for Recognition of Objects with Regular Structure.},
  booktitle = {Proceedings German Conference on Pattern Recognition},
  year = {2013},
  address = {Saarbrucken, Germany},
}

@ARTICLE {Ranftl2022,
    author  = "Ren\'{e} Ranftl and Katrin Lasinger and David Hafner and Konrad Schindler and Vladlen Koltun",
    title   = "Towards Robust Monocular Depth Estimation: Mixing Datasets for Zero-Shot Cross-Dataset Transfer.",
    journal = pami,
    year    = "2022",
    volume  = "44",
    number  = "3"
}

@inproceedings{li2023blip2,
      title={{BLIP-2:} Bootstrapping Language-Image Pre-training with Frozen Image Encoders and Large Language Models.}, 
      author={Junnan Li and Dongxu Li and Silvio Savarese and Steven Hoi},
      year={2023},
      booktitle=icml,
}

@inproceedings{NEURIPS2021_b578f2a5,
 title = {Variational Diffusion Models.},
 author = {Kingma, Diederik and Salimans, Tim and Poole, Ben and Ho, Jonathan},
 booktitle = nips,
 %editor = {M. Ranzato and A. Beygelzimer and Y. Dauphin and P.S. Liang and J. Wortman Vaughan},
 pages = {21696--21707},
 %publisher = {Curran Associates, Inc.},
 %url = {https://proceedings.neurips.cc/paper_files/paper/2021/file/b578f2a52a0229873fefc2a4b06377fa-Paper.pdf},
 volume = {34},
 year = {2021}
}

@misc{colorizebot_blog,
    author={Amir Avni},
    url = {http://www.whatimade.today/our-frst-reddit-bot-coloring-b-2/},
    year= {2016}
}

@inproceedings{mikolov2013distributed,
  title={Distributed Representations of Words and Phrases and Their Compositionality.},
  author={Mikolov, Tomas and Sutskever, Ilya and Chen, Kai and Corrado, Greg S and Dean, Jeff},
  booktitle=nips,
  volume={26},
  year={2013}
}

@article{gage1994new,
  title={A New Algorithm for Data Compression.},
  author={Gage, Philip},
  journal={The C Users Journal},
  volume={12},
  number={2},
  pages={23--38},
  year={1994}
}

@inproceedings{brown2020language,
  title={Language Models Are Few-Shot Learners.},
  author={Brown, Tom and Mann, Benjamin and Ryder, Nick and Subbiah, Melanie and Kaplan, Jared D and Dhariwal, Prafulla and Neelakantan, Arvind and Shyam, Pranav and Sastry, Girish and Askell, Amanda and others},
  booktitle=nips,
  volume={33},
  pages={1877--1901},
  year={2020}
}

@book{turing2009computing,
  title={Computing Machinery and Intelligence.},
  author={Turing, Alan M},
  year={2009},
  publisher={Springer}
}

@inproceedings{paszke2019pytorch,
  title={Pytorch: An Imperative Style, High-Performance Deep Learning Library.},
  author={Paszke, Adam and Gross, Sam and Massa, Francisco and Lerer, Adam and Bradbury, James and Chanan, Gregory and Killeen, Trevor and Lin, Zeming and Gimelshein, Natalia and Antiga, Luca and others},
  booktitle=nips,
  volume={32},
  year={2019}
}

@misc{azizi2023synthetic,
    author = {Azizi, Shekoofeh and Kornblith, Simon and Saharia, Chitwan and Norouzi, Mohammad and Fleet, David J},
    title = {Synthetic Data from Diffusion Models Improves Imagenet Classification.},
    eprint={2304.08466},
    archivePrefix={arXiv},
    year = 2023
}

@inproceedings{tzeng2017adversarial,
  title={Adversarial Discriminative Domain Adaptation.},
  author={Tzeng, Eric and Hoffman, Judy and Saenko, Kate and Darrell, Trevor},
  booktitle=cvpr,
  pages={7167--7176},
  year={2017}
}

@article{borges1939pierre,
  title={Pierre Menard, Author of the Quixote.},
  author={Borges, Jorge Luis},
  journal={Ficciones},
  year={1939}
}



@article{Schmid2000,
	author = {Schmid, Cordelia and Mohr, Roger and Bauckhage, Christian},
	journal = ijcv,
	number = {2},
	pages = {151--172},
	title = {Evaluation of Interest Point Detectors.},
	volume = {37},
	year = {2000}
}


@inproceedings{Mikolajczyk2002,
	author = {Mikolajczyk, Krystian and Schmid, Cordelia},	
    booktitle = eccv,
	editor = {Heyden, Anders and Sparr, Gunnar and Nielsen, Mads and Johansen, Peter},
	pages = {128--142},
	%publisher = {Springer Berlin Heidelberg},
	title = {An Affine Invariant Interest Point Detector.},
	year = {2002}
}

@article{Matas2004,
author = {Matas, Jiri and Chum, Ondrej and Urban, Martin and Pajdla, Tomas},
year = {2004},
month = {09},
pages = {761-767},
title = {Robust Wide Baseline Stereo from Maximally Stable Extremal Regions.},
volume = {22},
journal = {Image and Vision Computing},
}

@article{scholkopf1998nonlinear,
  title={Nonlinear Component Analysis as a Kernel Eigenvalue Problem.},
  author={Sch{\"o}lkopf, Bernhard and Smola, Alexander and M{\"u}ller, Klaus-Robert},
  journal={Neural computation},
  volume={10},
  number={5},
  pages={1299--1319},
  year={1998},
  publisher={MIT Press}
}

@INPROCEEDINGS{Mikolajczyk2001,
author = {K. Mikolajczyk and C. Schmid},
booktitle = iccv,
title = {Indexing Based on Scale Invariant Interest Points.},
year = {2001},
volume = {2},
pages = {525},
%doi = {10.1109/ICCV.2001.10069},
%url = {https://doi.ieeecomputersociety.org/10.1109/ICCV.2001.10069},
%publisher = {IEEE Computer Society},
%address = {Los Alamitos, CA, USA},
%month = {jul}
}

@INPROCEEDINGS {DeTone2018,
author = {D. DeTone and T. Malisiewicz and A. Rabinovich},
booktitle = {2018 IEEE/CVF Conference on Computer Vision and Pattern Recognition Workshops (CVPRW)},
title = {SuperPoint: Self-Supervised Interest Point Detection and Description.},
year = {2018},
volume = {},
issn = {},
pages = {337-33712},
%doi = {10.1109/CVPRW.2018.00060},
%url = {https://doi.ieeecomputersociety.org/10.1109/CVPRW.2018.00060},
%publisher = {IEEE Computer Society},
%address = {Los Alamitos, CA, USA},
%month = {jun}
}

@INPROCEEDINGS {Savinov2017,
author = {N. Savinov and A. Seki and L. Ladicky and T. Sattler and M. Pollefeys},
booktitle = cvpr,
title = {Quad-Networks: Unsupervised Learning to Rank for Interest Point Detection.},
year = {2017},
pages = {3929-3937},
%doi = {10.1109/CVPR.2017.418},
%url = {https://doi.ieeecomputersociety.org/10.1109/CVPR.2017.418},
%publisher = {IEEE Computer Society},
%address = {Los Alamitos, CA, USA},
%month = {jul}
}

@ARTICLE{Mikolajczyk2005,
  author={Mikolajczyk, K. and Schmid, C.},
  journal=pami, 
  title={A Performance Evaluation of Local Descriptors.}, 
  year={2005},
  volume={27},
  number={10},
  pages={1615-1630},
  %doi={10.1109/TPAMI.2005.188}
}

@InProceedings{Bay2008346,
author="Bay, H. and Tuytelaars, T. and Van Gool, L.",
title="SURF: Speeded Up Robust Features.",
booktitle=eccv,
year="2006",
%publisher="Springer Berlin Heidelberg",
%address="Berlin, Heidelberg",
pages="404--417"
}

@INPROCEEDINGS{Rublee2011,
  author={Rublee, Ethan and Rabaud, Vincent and Konolige, Kurt and Bradski, Gary},
  booktitle=iccv, 
  title={ORB: An Efficient Alternative to SIFT or SURF.}, 
  year={2011},
  pages={2564-2571}
}

@article{max1995optical,
  title={Optical Models for Direct Volume Rendering.},
  author={Max, Nelson},
  journal={IEEE Transactions on Visualization and Computer Graphics},
  volume={1},
  number={2},
  pages={99--108},
  year={1995},
  publisher={IEEE}
}


@inproceedings{Gortler1996,
author = {Gortler, Steven J. and Grzeszczuk, Radek and Szeliski, Richard and Cohen, Michael F.},
title = {The Lumigraph.},
year = {1996},
%isbn = {0897917464},
%publisher = {Association for Computing Machinery},
%address = {New York, NY, USA},
%url = {https://doi.org/10.1145/237170.237200},
%doi = {10.1145/237170.237200},
booktitle = {Proceedings of the 23rd Annual Conference on Computer Graphics and Interactive Techniques},
pages = {43–54},
numpages = {12},
%series = {SIGGRAPH '96}
}

  
@inproceedings{Levoy1996,
author = {Levoy, Marc and Hanrahan, Pat},
title = {Light Field Rendering.},
booktitle = siggraph,
year = {1996},
pages = {31–-42},
}

  

@inproceedings{Kajiya1986,
author = {Kajiya, James T.},
title = {The Rendering Equation.},
year = {1986},
booktitle = siggraph,
pages = {143–-150},
}

  
@techreport{max2005local,
  title={Local and Global Illumination in the Volume Rendering Integral.},
  author={Max, Nelson and Chen, Min},
  year={2005},
  institution={Lawrence Livermore National Lab.(LLNL), Livermore, CA (United States)}
}

@book{abbott2009flatland,
  title={Flatland.},
  author={Abbott, Edwin},
  year={2009},
  publisher={Broadview Press}
}
  
@inproceedings{curless1996volumetric,
  title={A Volumetric Method for Building Complex Models from Range Images.},
  author={Curless, Brian and Levoy, Marc},
  booktitle={Proceedings of the 23rd annual conference on Computer graphics and interactive techniques},
  pages={303--312},
  year={1996}
}

@book{shirley2009fundamentals,
  title={Fundamentals of Computer Graphics.},
  author={Shirley, Peter and Ashikhmin, Michael and Marschner, Steve},
  year={2009},
  publisher={AK Peters/CRC Press}
}

@inproceedings{fridovich2022plenoxels,
  title={Plenoxels: Radiance Fields Without Neural Networks.},
  author={Fridovich-Keil, Sara and Yu, Alex and Tancik, Matthew and Chen, Qinhong and Recht, Benjamin and Kanazawa, Angjoo},
  booktitle=cvpr,
  pages={5501--5510},
  year={2022}
}

@article{kerbl20233d,
  title={3D Gaussian Splatting for Real-Time Radiance Field Rendering.},
  author={Kerbl, Bernhard and Kopanas, Georgios and Leimk{\"u}hler, Thomas and Drettakis, George},
  journal=tog,
  volume={42},
  number={4},
  pages={1--14},
  year={2023},
  %publisher={ACM New York, NY, USA}
}


@article{Torralba2014,
	author = {Torralba, Antonio and Freeman, William T.},
	journal = ijcv,
	number = {2},
	pages = {92--112},
	title = {Accidental Pinhole and Pinspeck Cameras.},
	volume = {110},
	year = {2014}
}


@BOOK{Paris2009,
  author={Paris, Sylvain and Kornprobst, Pierre and Tumblin, Jack and Durand, Frédo},
  title={Bilateral Filtering: Theory and Applications.},
  year={2009},
  publisher={Now Publishers}
}

@inproceedings{tancik2020fourier,
  title={Fourier Features Let Networks Learn High Frequency Functions in Low Dimensional Domains.},
  author={Tancik, Matthew and Srinivasan, Pratul and Mildenhall, Ben and Fridovich-Keil, Sara and Raghavan, Nithin and Singhal, Utkarsh and Ramamoorthi, Ravi and Barron, Jonathan and Ng, Ren},
  booktitle=nips,
  volume={33},
  pages={7537--7547},
  year={2020}
}

@inproceedings{Birhand2021,
author = "A. Birhane and V. U. Prabhu",
title = "Large Image Datasets: A Pyrrhic Win for Computer Vision?",
booktitle = "IEEE/CVF Winter Conference on Applications of Computer Vision",
year = "2021"
}

@article{Barber2019,
  title={The Viral App That Labels You Isn't Quite What You Think},
  author={G. Barber},
  journal="Wired",
  year={2019}
}

@book{kahneman2011thinking,
  title={Thinking, fast and slow},
  author={Kahneman, Daniel},
  year={2011},
  publisher={Macmillan}
}

@misc{Randall,
note = "Creative Commons Attribution CC BY NC SA",
url = "https://asknature.org/strategy/pupil-enables-clear-vision-in-extreme-light-conditions/",
year = 2015}
